{
    "symbol": "CL",
    "annualReports": [
        {
            "fiscalDateEnding": "2021-12-31",
            "reportedCurrency": "USD",
            "grossProfit": "10375000000",
            "totalRevenue": "17421000000",
            "costOfRevenue": "7046000000",
            "costofGoodsAndServicesSold": "7046000000",
            "operatingIncome": "3332000000",
            "sellingGeneralAndAdministrative": "6407000000",
            "researchAndDevelopment": "307000000",
            "operatingExpenses": "6803000000",
            "investmentIncomeNet": "None",
            "netInterestIncome": "-192000000",
            "interestIncome": "-175000000",
            "interestExpense": "192000000",
            "nonInterestIncome": "17346000000",
            "otherNonOperatingIncome": "None",
            "depreciation": "None",
            "depreciationAndAmortization": "89000000",
            "incomeBeforeTax": "2915000000",
            "incomeTaxExpense": "749000000",
            "interestAndDebtExpense": "267000000",
            "netIncomeFromContinuingOperations": "2338000000",
            "comprehensiveIncomeNetOfTax": "2125000000",
            "ebit": "3332000000",
            "ebitda": "3196000000",
            "netIncome": "2166000000"
        },
        {
            "fiscalDateEnding": "2020-12-31",
            "reportedCurrency": "USD",
            "grossProfit": "10017000000",
            "totalRevenue": "16471000000",
            "costOfRevenue": "6454000000",
            "costofGoodsAndServicesSold": "6454000000",
            "operatingIncome": "3885000000",
            "sellingGeneralAndAdministrative": "6019000000",
            "researchAndDevelopment": "290000000",
            "operatingExpenses": "6397000000",
            "investmentIncomeNet": "None",
            "netInterestIncome": "-183000000",
            "interestIncome": "-164000000",
            "interestExpense": "183000000",
            "nonInterestIncome": "16448000000",
            "otherNonOperatingIncome": "None",
            "depreciation": "None",
            "depreciationAndAmortization": "88000000",
            "incomeBeforeTax": "3482000000",
            "incomeTaxExpense": "787000000",
            "interestAndDebtExpense": "206000000",
            "netIncomeFromContinuingOperations": "2860000000",
            "comprehensiveIncomeNetOfTax": "2623000000",
            "ebit": "3885000000",
            "ebitda": "3753000000",
            "netIncome": "2695000000"
        },
        {
            "fiscalDateEnding": "2019-12-31",
            "reportedCurrency": "USD",
            "grossProfit": "9325000000",
            "totalRevenue": "15693000000",
            "costOfRevenue": "6368000000",
            "costofGoodsAndServicesSold": "6368000000",
            "operatingIncome": "3554000000",
            "sellingGeneralAndAdministrative": "5575000000",
            "researchAndDevelopment": "281000000",
            "operatingExpenses": "5938000000",
            "investmentIncomeNet": "47000000",
            "netInterestIncome": "-192000000",
            "interestIncome": "47000000",
            "interestExpense": "192000000",
            "nonInterestIncome": "15693000000",
            "otherNonOperatingIncome": "None",
            "depreciation": "None",
            "depreciationAndAmortization": "62000000",
            "incomeBeforeTax": "3141000000",
            "incomeTaxExpense": "774000000",
            "interestAndDebtExpense": "192000000",
            "netIncomeFromContinuingOperations": "2527000000",
            "comprehensiveIncomeNetOfTax": "2282000000",
            "ebit": "3554000000",
            "ebitda": "3395000000",
            "netIncome": "2367000000"
        },
        {
            "fiscalDateEnding": "2018-12-31",
            "reportedCurrency": "USD",
            "grossProfit": "9231000000",
            "totalRevenue": "15544000000",
            "costOfRevenue": "6313000000",
            "costofGoodsAndServicesSold": "6313000000",
            "operatingIncome": "3694000000",
            "sellingGeneralAndAdministrative": "5389000000",
            "researchAndDevelopment": "277000000",
            "operatingExpenses": "5725000000",
            "investmentIncomeNet": "50000000",
            "netInterestIncome": "-193000000",
            "interestIncome": "50000000",
            "interestExpense": "193000000",
            "nonInterestIncome": "15544000000",
            "otherNonOperatingIncome": "None",
            "depreciation": "None",
            "depreciationAndAmortization": "59000000",
            "incomeBeforeTax": "3306000000",
            "incomeTaxExpense": "906000000",
            "interestAndDebtExpense": "193000000",
            "netIncomeFromContinuingOperations": "2558000000",
            "comprehensiveIncomeNetOfTax": "2230000000",
            "ebit": "3694000000",
            "ebitda": "3558000000",
            "netIncome": "2400000000"
        },
        {
            "fiscalDateEnding": "2017-12-31",
            "reportedCurrency": "USD",
            "grossProfit": "9280000000",
            "totalRevenue": "15454000000",
            "costOfRevenue": "6174000000",
            "costofGoodsAndServicesSold": "1183000000",
            "operatingIncome": "3707000000",
            "sellingGeneralAndAdministrative": "5400000000",
            "researchAndDevelopment": "285000000",
            "operatingExpenses": "5817000000",
            "investmentIncomeNet": "51000000",
            "netInterestIncome": "-153000000",
            "interestIncome": "51000000",
            "interestExpense": "153000000",
            "nonInterestIncome": "0",
            "otherNonOperatingIncome": "None",
            "depreciation": "None",
            "depreciationAndAmortization": "35000000",
            "incomeBeforeTax": "3337000000",
            "incomeTaxExpense": "1313000000",
            "interestAndDebtExpense": "153000000",
            "netIncomeFromContinuingOperations": "2174000000",
            "comprehensiveIncomeNetOfTax": "2349000000",
            "ebit": "3707000000",
            "ebitda": "3525000000",
            "netIncome": "2024000000"
        }
    ],
    "quarterlyReports": [
        {
            "fiscalDateEnding": "2021-12-31",
            "reportedCurrency": "USD",
            "grossProfit": "2559000000",
            "totalRevenue": "4403000000",
            "costOfRevenue": "1844000000",
            "costofGoodsAndServicesSold": "1844000000",
            "operatingIncome": "365000000",
            "sellingGeneralAndAdministrative": "1598000000",
            "researchAndDevelopment": "None",
            "operatingExpenses": "204000000",
            "investmentIncomeNet": "None",
            "netInterestIncome": "-23000000",
            "interestIncome": "-23000000",
            "interestExpense": "23000000",
            "nonInterestIncome": "4403000000",
            "otherNonOperatingIncome": "None",
            "depreciation": "None",
            "depreciationAndAmortization": "142000000",
            "incomeBeforeTax": "284000000",
            "incomeTaxExpense": "136000000",
            "interestAndDebtExpense": "192000000",
            "netIncomeFromContinuingOperations": "-408000000",
            "comprehensiveIncomeNetOfTax": "196000000",
            "ebit": "365000000",
            "ebitda": "426000000",
            "netIncome": "148000000"
        },
        {
            "fiscalDateEnding": "2021-09-30",
            "reportedCurrency": "USD",
            "grossProfit": "2623000000",
            "totalRevenue": "4414000000",
            "costOfRevenue": "1791000000",
            "costofGoodsAndServicesSold": "1791000000",
            "operatingIncome": "967000000",
            "sellingGeneralAndAdministrative": "1636000000",
            "researchAndDevelopment": "None",
            "operatingExpenses": "1636000000",
            "investmentIncomeNet": "None",
            "netInterestIncome": "-98000000",
            "interestIncome": "-98000000",
            "interestExpense": "98000000",
            "nonInterestIncome": "4414000000",
            "otherNonOperatingIncome": "None",
            "depreciation": "None",
            "depreciationAndAmortization": "140000000",
            "incomeBeforeTax": "806000000",
            "incomeTaxExpense": "172000000",
            "interestAndDebtExpense": "None",
            "netIncomeFromContinuingOperations": "681000000",
            "comprehensiveIncomeNetOfTax": "568000000",
            "ebit": "967000000",
            "ebitda": "946000000",
            "netIncome": "634000000"
        },
        {
            "fiscalDateEnding": "2021-06-30",
            "reportedCurrency": "USD",
            "grossProfit": "2556000000",
            "totalRevenue": "4260000000",
            "costOfRevenue": "1704000000",
            "costofGoodsAndServicesSold": "1704000000",
            "operatingIncome": "996000000",
            "sellingGeneralAndAdministrative": "1568000000",
            "researchAndDevelopment": "None",
            "operatingExpenses": "1568000000",
            "investmentIncomeNet": "None",
            "netInterestIncome": "-25000000",
            "interestIncome": "-25000000",
            "interestExpense": "-25000000",
            "nonInterestIncome": "4260000000",
            "otherNonOperatingIncome": "None",
            "depreciation": "None",
            "depreciationAndAmortization": "137000000",
            "incomeBeforeTax": "915000000",
            "incomeTaxExpense": "212000000",
            "interestAndDebtExpense": "None",
            "netIncomeFromContinuingOperations": "741000000",
            "comprehensiveIncomeNetOfTax": "790000000",
            "ebit": "996000000",
            "ebitda": "1052000000",
            "netIncome": "703000000"
        },
        {
            "fiscalDateEnding": "2021-03-31",
            "reportedCurrency": "USD",
            "grossProfit": "2637000000",
            "totalRevenue": "4344000000",
            "costOfRevenue": "1707000000",
            "costofGoodsAndServicesSold": "1707000000",
            "operatingIncome": "1004000000",
            "sellingGeneralAndAdministrative": "1605000000",
            "researchAndDevelopment": "None",
            "operatingExpenses": "1605000000",
            "investmentIncomeNet": "None",
            "netInterestIncome": "-29000000",
            "interestIncome": "-29000000",
            "interestExpense": "29000000",
            "nonInterestIncome": "4344000000",
            "otherNonOperatingIncome": "None",
            "depreciation": "None",
            "depreciationAndAmortization": "137000000",
            "incomeBeforeTax": "910000000",
            "incomeTaxExpense": "229000000",
            "interestAndDebtExpense": "None",
            "netIncomeFromContinuingOperations": "728000000",
            "comprehensiveIncomeNetOfTax": "571000000",
            "ebit": "1004000000",
            "ebitda": "1047000000",
            "netIncome": "681000000"
        },
        {
            "fiscalDateEnding": "2020-12-31",
            "reportedCurrency": "USD",
            "grossProfit": "2643000000",
            "totalRevenue": "4324000000",
            "costOfRevenue": "1681000000",
            "costofGoodsAndServicesSold": "1681000000",
            "operatingIncome": "969000000",
            "sellingGeneralAndAdministrative": "1633000000",
            "researchAndDevelopment": "None",
            "operatingExpenses": "2011000000",
            "investmentIncomeNet": "None",
            "netInterestIncome": "-57000000",
            "interestIncome": "-57000000",
            "interestExpense": "57000000",
            "nonInterestIncome": "4324000000",
            "otherNonOperatingIncome": "None",
            "depreciation": "None",
            "depreciationAndAmortization": "139000000",
            "incomeBeforeTax": "849000000",
            "incomeTaxExpense": "202000000",
            "interestAndDebtExpense": "206000000",
            "netIncomeFromContinuingOperations": "2643000000",
            "comprehensiveIncomeNetOfTax": "722000000",
            "ebit": "969000000",
            "ebitda": "988000000",
            "netIncome": "647000000"
        },
        {
            "fiscalDateEnding": "2020-09-30",
            "reportedCurrency": "USD",
            "grossProfit": "2540000000",
            "totalRevenue": "4153000000",
            "costOfRevenue": "1613000000",
            "costofGoodsAndServicesSold": "1613000000",
            "operatingIncome": "1018000000",
            "sellingGeneralAndAdministrative": "1518000000",
            "researchAndDevelopment": "None",
            "operatingExpenses": "1518000000",
            "investmentIncomeNet": "None",
            "netInterestIncome": "-36000000",
            "interestIncome": "-36000000",
            "interestExpense": "36000000",
            "nonInterestIncome": "4153000000",
            "otherNonOperatingIncome": "None",
            "depreciation": "None",
            "depreciationAndAmortization": "134000000",
            "incomeBeforeTax": "920000000",
            "incomeTaxExpense": "222000000",
            "interestAndDebtExpense": "None",
            "netIncomeFromContinuingOperations": "745000000",
            "comprehensiveIncomeNetOfTax": "798000000",
            "ebit": "1018000000",
            "ebitda": "1054000000",
            "netIncome": "698000000"
        },
        {
            "fiscalDateEnding": "2020-06-30",
            "reportedCurrency": "USD",
            "grossProfit": "2369000000",
            "totalRevenue": "3897000000",
            "costOfRevenue": "1528000000",
            "costofGoodsAndServicesSold": "1528000000",
            "operatingIncome": "946000000",
            "sellingGeneralAndAdministrative": "1395000000",
            "researchAndDevelopment": "None",
            "operatingExpenses": "1395000000",
            "investmentIncomeNet": "None",
            "netInterestIncome": "-35000000",
            "interestIncome": "-35000000",
            "interestExpense": "35000000",
            "nonInterestIncome": "3897000000",
            "otherNonOperatingIncome": "None",
            "depreciation": "None",
            "depreciationAndAmortization": "133000000",
            "incomeBeforeTax": "851000000",
            "incomeTaxExpense": "216000000",
            "interestAndDebtExpense": "None",
            "netIncomeFromContinuingOperations": "675000000",
            "comprehensiveIncomeNetOfTax": "693000000",
            "ebit": "946000000",
            "ebitda": "984000000",
            "netIncome": "635000000"
        },
        {
            "fiscalDateEnding": "2020-03-31",
            "reportedCurrency": "USD",
            "grossProfit": "2465000000",
            "totalRevenue": "4097000000",
            "costOfRevenue": "1632000000",
            "costofGoodsAndServicesSold": "1632000000",
            "operatingIncome": "952000000",
            "sellingGeneralAndAdministrative": "1473000000",
            "researchAndDevelopment": "None",
            "operatingExpenses": "1473000000",
            "investmentIncomeNet": "None",
            "netInterestIncome": "-36000000",
            "interestIncome": "-36000000",
            "interestExpense": "36000000",
            "nonInterestIncome": "4097000000",
            "otherNonOperatingIncome": "None",
            "depreciation": "None",
            "depreciationAndAmortization": "133000000",
            "incomeBeforeTax": "862000000",
            "incomeTaxExpense": "147000000",
            "interestAndDebtExpense": "None",
            "netIncomeFromContinuingOperations": "748000000",
            "comprehensiveIncomeNetOfTax": "410000000",
            "ebit": "952000000",
            "ebitda": "995000000",
            "netIncome": "715000000"
        },
        {
            "fiscalDateEnding": "2019-12-31",
            "reportedCurrency": "USD",
            "grossProfit": "2414000000",
            "totalRevenue": "4015000000",
            "costOfRevenue": "1601000000",
            "costofGoodsAndServicesSold": "1601000000",
            "operatingIncome": "931000000",
            "sellingGeneralAndAdministrative": "1412000000",
            "researchAndDevelopment": "None",
            "operatingExpenses": "6000000",
            "investmentIncomeNet": "None",
            "netInterestIncome": "-32000000",
            "interestIncome": "-32000000",
            "interestExpense": "32000000",
            "nonInterestIncome": "4015000000",
            "otherNonOperatingIncome": "None",
            "depreciation": "None",
            "depreciationAndAmortization": "133000000",
            "incomeBeforeTax": "831000000",
            "incomeTaxExpense": "188000000",
            "interestAndDebtExpense": "None",
            "netIncomeFromContinuingOperations": "2408000000",
            "comprehensiveIncomeNetOfTax": "585000000",
            "ebit": "931000000",
            "ebitda": "964000000",
            "netIncome": "643000000"
        },
        {
            "fiscalDateEnding": "2019-09-30",
            "reportedCurrency": "USD",
            "grossProfit": "2316000000",
            "totalRevenue": "3928000000",
            "costOfRevenue": "1612000000",
            "costofGoodsAndServicesSold": "1612000000",
            "operatingIncome": "856000000",
            "sellingGeneralAndAdministrative": "1429000000",
            "researchAndDevelopment": "None",
            "operatingExpenses": "1429000000",
            "investmentIncomeNet": "None",
            "netInterestIncome": "-35000000",
            "interestIncome": "-35000000",
            "interestExpense": "35000000",
            "nonInterestIncome": "3928000000",
            "otherNonOperatingIncome": "None",
            "depreciation": "None",
            "depreciationAndAmortization": "130000000",
            "incomeBeforeTax": "745000000",
            "incomeTaxExpense": "167000000",
            "interestAndDebtExpense": "None",
            "netIncomeFromContinuingOperations": "627000000",
            "comprehensiveIncomeNetOfTax": "482000000",
            "ebit": "856000000",
            "ebitda": "875000000",
            "netIncome": "578000000"
        },
        {
            "fiscalDateEnding": "2019-06-30",
            "reportedCurrency": "USD",
            "grossProfit": "2308000000",
            "totalRevenue": "3866000000",
            "costOfRevenue": "1558000000",
            "costofGoodsAndServicesSold": "1558000000",
            "operatingIncome": "888000000",
            "sellingGeneralAndAdministrative": "1369000000",
            "researchAndDevelopment": "None",
            "operatingExpenses": "1369000000",
            "investmentIncomeNet": "None",
            "netInterestIncome": "-38000000",
            "interestIncome": "-38000000",
            "interestExpense": "38000000",
            "nonInterestIncome": "3866000000",
            "otherNonOperatingIncome": "None",
            "depreciation": "None",
            "depreciationAndAmortization": "128000000",
            "incomeBeforeTax": "791000000",
            "incomeTaxExpense": "205000000",
            "interestAndDebtExpense": "None",
            "netIncomeFromContinuingOperations": "618000000",
            "comprehensiveIncomeNetOfTax": "627000000",
            "ebit": "888000000",
            "ebitda": "919000000",
            "netIncome": "586000000"
        },
        {
            "fiscalDateEnding": "2019-03-31",
            "reportedCurrency": "USD",
            "grossProfit": "2287000000",
            "totalRevenue": "3884000000",
            "costOfRevenue": "1597000000",
            "costofGoodsAndServicesSold": "1597000000",
            "operatingIncome": "879000000",
            "sellingGeneralAndAdministrative": "1365000000",
            "researchAndDevelopment": "None",
            "operatingExpenses": "1365000000",
            "investmentIncomeNet": "None",
            "netInterestIncome": "-40000000",
            "interestIncome": "-40000000",
            "interestExpense": "40000000",
            "nonInterestIncome": "3884000000",
            "otherNonOperatingIncome": "None",
            "depreciation": "None",
            "depreciationAndAmortization": "128000000",
            "incomeBeforeTax": "774000000",
            "incomeTaxExpense": "214000000",
            "interestAndDebtExpense": "None",
            "netIncomeFromContinuingOperations": "600000000",
            "comprehensiveIncomeNetOfTax": "588000000",
            "ebit": "879000000",
            "ebitda": "902000000",
            "netIncome": "560000000"
        },
        {
            "fiscalDateEnding": "2018-12-31",
            "reportedCurrency": "USD",
            "grossProfit": "2253000000",
            "totalRevenue": "3811000000",
            "costOfRevenue": "1558000000",
            "costofGoodsAndServicesSold": "1558000000",
            "operatingIncome": "891000000",
            "sellingGeneralAndAdministrative": "1328000000",
            "researchAndDevelopment": "277000000",
            "operatingExpenses": "1664000000",
            "investmentIncomeNet": "None",
            "netInterestIncome": "None",
            "interestIncome": "None",
            "interestExpense": "37000000",
            "nonInterestIncome": "3811000000",
            "otherNonOperatingIncome": "None",
            "depreciation": "None",
            "depreciationAndAmortization": "126000000",
            "incomeBeforeTax": "795000000",
            "incomeTaxExpense": "189000000",
            "interestAndDebtExpense": "None",
            "netIncomeFromContinuingOperations": "2253000000",
            "comprehensiveIncomeNetOfTax": "590000000",
            "ebit": "891000000",
            "ebitda": "921000000",
            "netIncome": "606000000"
        },
        {
            "fiscalDateEnding": "2018-09-30",
            "reportedCurrency": "USD",
            "grossProfit": "2269000000",
            "totalRevenue": "3845000000",
            "costOfRevenue": "1576000000",
            "costofGoodsAndServicesSold": "1576000000",
            "operatingIncome": "874000000",
            "sellingGeneralAndAdministrative": "1369000000",
            "researchAndDevelopment": "None",
            "operatingExpenses": "1369000000",
            "investmentIncomeNet": "None",
            "netInterestIncome": "None",
            "interestIncome": "None",
            "interestExpense": "36000000",
            "nonInterestIncome": "3845000000",
            "otherNonOperatingIncome": "None",
            "depreciation": "None",
            "depreciationAndAmortization": "127000000",
            "incomeBeforeTax": "781000000",
            "incomeTaxExpense": "258000000",
            "interestAndDebtExpense": "None",
            "netIncomeFromContinuingOperations": "562000000",
            "comprehensiveIncomeNetOfTax": "515000000",
            "ebit": "874000000",
            "ebitda": "908000000",
            "netIncome": "523000000"
        },
        {
            "fiscalDateEnding": "2018-06-30",
            "reportedCurrency": "USD",
            "grossProfit": "2301000000",
            "totalRevenue": "3886000000",
            "costOfRevenue": "1585000000",
            "costofGoodsAndServicesSold": "1585000000",
            "operatingIncome": "946000000",
            "sellingGeneralAndAdministrative": "1300000000",
            "researchAndDevelopment": "None",
            "operatingExpenses": "1300000000",
            "investmentIncomeNet": "None",
            "netInterestIncome": "None",
            "interestIncome": "None",
            "interestExpense": "35000000",
            "nonInterestIncome": "3886000000",
            "otherNonOperatingIncome": "None",
            "depreciation": "None",
            "depreciationAndAmortization": "129000000",
            "incomeBeforeTax": "850000000",
            "incomeTaxExpense": "213000000",
            "interestAndDebtExpense": "None",
            "netIncomeFromContinuingOperations": "675000000",
            "comprehensiveIncomeNetOfTax": "373000000",
            "ebit": "946000000",
            "ebitda": "979000000",
            "netIncome": "637000000"
        },
        {
            "fiscalDateEnding": "2018-03-31",
            "reportedCurrency": "USD",
            "grossProfit": "2408000000",
            "totalRevenue": "4002000000",
            "costOfRevenue": "1594000000",
            "costofGoodsAndServicesSold": "1594000000",
            "operatingIncome": "983000000",
            "sellingGeneralAndAdministrative": "1392000000",
            "researchAndDevelopment": "None",
            "operatingExpenses": "1392000000",
            "investmentIncomeNet": "None",
            "netInterestIncome": "None",
            "interestIncome": "None",
            "interestExpense": "35000000",
            "nonInterestIncome": "4002000000",
            "otherNonOperatingIncome": "None",
            "depreciation": "None",
            "depreciationAndAmortization": "129000000",
            "incomeBeforeTax": "880000000",
            "incomeTaxExpense": "246000000",
            "interestAndDebtExpense": "None",
            "netIncomeFromContinuingOperations": "678000000",
            "comprehensiveIncomeNetOfTax": "752000000",
            "ebit": "983000000",
            "ebitda": "1009000000",
            "netIncome": "634000000"
        },
        {
            "fiscalDateEnding": "2017-12-31",
            "reportedCurrency": "USD",
            "grossProfit": "2328000000",
            "totalRevenue": "3892000000",
            "costOfRevenue": "1564000000",
            "costofGoodsAndServicesSold": "1564000000",
            "operatingIncome": "960000000",
            "sellingGeneralAndAdministrative": "1345000000",
            "researchAndDevelopment": "285000000",
            "operatingExpenses": "1693000000",
            "investmentIncomeNet": "None",
            "netInterestIncome": "None",
            "interestIncome": "None",
            "interestExpense": "28000000",
            "nonInterestIncome": "3892000000",
            "otherNonOperatingIncome": "None",
            "depreciation": "None",
            "depreciationAndAmortization": "121000000",
            "incomeBeforeTax": "866000000",
            "incomeTaxExpense": "543000000",
            "interestAndDebtExpense": "None",
            "netIncomeFromContinuingOperations": "2328000000",
            "comprehensiveIncomeNetOfTax": "302000000",
            "ebit": "960000000",
            "ebitda": "987000000",
            "netIncome": "323000000"
        },
        {
            "fiscalDateEnding": "2017-09-30",
            "reportedCurrency": "USD",
            "grossProfit": "2383000000",
            "totalRevenue": "3974000000",
            "costOfRevenue": "1591000000",
            "costofGoodsAndServicesSold": "1591000000",
            "operatingIncome": "957000000",
            "sellingGeneralAndAdministrative": "1410000000",
            "researchAndDevelopment": "None",
            "operatingExpenses": "1429000000",
            "investmentIncomeNet": "None",
            "netInterestIncome": "None",
            "interestIncome": "None",
            "interestExpense": "27000000",
            "nonInterestIncome": "3974000000",
            "otherNonOperatingIncome": "None",
            "depreciation": "None",
            "depreciationAndAmortization": "128000000",
            "incomeBeforeTax": "857000000",
            "incomeTaxExpense": "250000000",
            "interestAndDebtExpense": "None",
            "netIncomeFromContinuingOperations": "650000000",
            "comprehensiveIncomeNetOfTax": "720000000",
            "ebit": "957000000",
            "ebitda": "985000000",
            "netIncome": "607000000"
        },
        {
            "fiscalDateEnding": "2017-06-30",
            "reportedCurrency": "USD",
            "grossProfit": "2300000000",
            "totalRevenue": "3826000000",
            "costOfRevenue": "1526000000",
            "costofGoodsAndServicesSold": "1526000000",
            "operatingIncome": "878000000",
            "sellingGeneralAndAdministrative": "1309000000",
            "researchAndDevelopment": "None",
            "operatingExpenses": "1333000000",
            "investmentIncomeNet": "None",
            "netInterestIncome": "None",
            "interestIncome": "None",
            "interestExpense": "24000000",
            "nonInterestIncome": "3826000000",
            "otherNonOperatingIncome": "None",
            "depreciation": "None",
            "depreciationAndAmortization": "117000000",
            "incomeBeforeTax": "793000000",
            "incomeTaxExpense": "269000000",
            "interestAndDebtExpense": "None",
            "netIncomeFromContinuingOperations": "560000000",
            "comprehensiveIncomeNetOfTax": "629000000",
            "ebit": "878000000",
            "ebitda": "910000000",
            "netIncome": "524000000"
        },
        {
            "fiscalDateEnding": "2017-03-31",
            "reportedCurrency": "USD",
            "grossProfit": "2269000000",
            "totalRevenue": "3762000000",
            "costOfRevenue": "1493000000",
            "costofGoodsAndServicesSold": "1493000000",
            "operatingIncome": "912000000",
            "sellingGeneralAndAdministrative": "1336000000",
            "researchAndDevelopment": "None",
            "operatingExpenses": "1362000000",
            "investmentIncomeNet": "None",
            "netInterestIncome": "None",
            "interestIncome": "None",
            "interestExpense": "23000000",
            "nonInterestIncome": "3762000000",
            "otherNonOperatingIncome": "None",
            "depreciation": "None",
            "depreciationAndAmortization": "109000000",
            "incomeBeforeTax": "821000000",
            "incomeTaxExpense": "251000000",
            "interestAndDebtExpense": "None",
            "netIncomeFromContinuingOperations": "611000000",
            "comprehensiveIncomeNetOfTax": "698000000",
            "ebit": "912000000",
            "ebitda": "930000000",
            "netIncome": "570000000"
        }
    ]
}