{
    "symbol": "ETR",
    "annualReports": [
        {
            "fiscalDateEnding": "2021-12-31",
            "reportedCurrency": "USD",
            "grossProfit": "4871866000",
            "totalRevenue": "-31501000",
            "costOfRevenue": "1444313000",
            "costofGoodsAndServicesSold": "1444313000",
            "operatingIncome": "437438000",
            "sellingGeneralAndAdministrative": "-660290000",
            "researchAndDevelopment": "None",
            "operatingExpenses": "4984249000",
            "investmentIncomeNet": "None",
            "netInterestIncome": "-404228000",
            "interestIncome": "-404228000",
            "interestExpense": "140348000",
            "nonInterestIncome": "None",
            "otherNonOperatingIncome": "299161000",
            "depreciation": "None",
            "depreciationAndAmortization": "546621000",
            "incomeBeforeTax": "373679000",
            "incomeTaxExpense": "127249000",
            "interestAndDebtExpense": "None",
            "netIncomeFromContinuingOperations": "1118719000",
            "comprehensiveIncomeNetOfTax": "None",
            "ebit": "566081000",
            "ebitda": "1112702000",
            "netIncome": "298484000"
        },
        {
            "fiscalDateEnding": "2020-12-31",
            "reportedCurrency": "USD",
            "grossProfit": "4458214000",
            "totalRevenue": "10113636000",
            "costOfRevenue": "5655422000",
            "costofGoodsAndServicesSold": "5655422000",
            "operatingIncome": "1795818000",
            "sellingGeneralAndAdministrative": "-652840000",
            "researchAndDevelopment": "None",
            "operatingExpenses": "2662396000",
            "investmentIncomeNet": "None",
            "netInterestIncome": "-392845000",
            "interestIncome": "-392845000",
            "interestExpense": "785663000",
            "nonInterestIncome": "None",
            "otherNonOperatingIncome": "301615000",
            "depreciation": "None",
            "depreciationAndAmortization": "64012000",
            "incomeBeforeTax": "1285147000",
            "incomeTaxExpense": "-121506000",
            "interestAndDebtExpense": "None",
            "netIncomeFromContinuingOperations": "1406653000",
            "comprehensiveIncomeNetOfTax": "None",
            "ebit": "2070810000",
            "ebitda": "2134822000",
            "netIncome": "1406653000"
        },
        {
            "fiscalDateEnding": "2019-12-31",
            "reportedCurrency": "USD",
            "grossProfit": "4178867000",
            "totalRevenue": "10878673000",
            "costOfRevenue": "6699806000",
            "costofGoodsAndServicesSold": "6699806000",
            "operatingIncome": "1680524000",
            "sellingGeneralAndAdministrative": "643745000",
            "researchAndDevelopment": "None",
            "operatingExpenses": "2498343000",
            "investmentIncomeNet": "None",
            "netInterestIncome": "-194513000",
            "interestIncome": "547912000",
            "interestExpense": "742425000",
            "nonInterestIncome": "None",
            "otherNonOperatingIncome": "440347000",
            "depreciation": "None",
            "depreciationAndAmortization": "2182313000",
            "incomeBeforeTax": "1088419000",
            "incomeTaxExpense": "-169825000",
            "interestAndDebtExpense": "None",
            "netIncomeFromContinuingOperations": "1258244000",
            "comprehensiveIncomeNetOfTax": "None",
            "ebit": "1830844000",
            "ebitda": "4013157000",
            "netIncome": "1258244000"
        },
        {
            "fiscalDateEnding": "2018-12-31",
            "reportedCurrency": "USD",
            "grossProfit": "3170316000",
            "totalRevenue": "11009452000",
            "costOfRevenue": "7839136000",
            "costofGoodsAndServicesSold": "7839136000",
            "operatingIncome": "469365000",
            "sellingGeneralAndAdministrative": "641952000",
            "researchAndDevelopment": "None",
            "operatingExpenses": "2700951000",
            "investmentIncomeNet": "None",
            "netInterestIncome": "-643484000",
            "interestIncome": "63864000",
            "interestExpense": "707348000",
            "nonInterestIncome": "None",
            "otherNonOperatingIncome": "63712000",
            "depreciation": "None",
            "depreciationAndAmortization": "2040555000",
            "incomeBeforeTax": "-174271000",
            "incomeTaxExpense": "-1036826000",
            "interestAndDebtExpense": "None",
            "netIncomeFromContinuingOperations": "862555000",
            "comprehensiveIncomeNetOfTax": "None",
            "ebit": "533077000",
            "ebitda": "2573632000",
            "netIncome": "862555000"
        },
        {
            "fiscalDateEnding": "2017-12-31",
            "reportedCurrency": "USD",
            "grossProfit": "3524730000",
            "totalRevenue": "11074481000",
            "costOfRevenue": "7549751000",
            "costofGoodsAndServicesSold": "7549751000",
            "operatingIncome": "1243412000",
            "sellingGeneralAndAdministrative": "4041245000",
            "researchAndDevelopment": "0",
            "operatingExpenses": "2281318000",
            "investmentIncomeNet": "None",
            "netInterestIncome": "-374146000",
            "interestIncome": "288197000",
            "interestExpense": "662343000",
            "nonInterestIncome": "None",
            "otherNonOperatingIncome": "370584000",
            "depreciation": "None",
            "depreciationAndAmortization": "2078578000",
            "incomeBeforeTax": "967923000",
            "incomeTaxExpense": "542570000",
            "interestAndDebtExpense": "None",
            "netIncomeFromContinuingOperations": "425353000",
            "comprehensiveIncomeNetOfTax": "None",
            "ebit": "1630266000",
            "ebitda": "3708844000",
            "netIncome": "425353000"
        }
    ],
    "quarterlyReports": [
        {
            "fiscalDateEnding": "2021-12-31",
            "reportedCurrency": "USD",
            "grossProfit": "31501000",
            "totalRevenue": "-31501000",
            "costOfRevenue": "1743330000",
            "costofGoodsAndServicesSold": "1743330000",
            "operatingIncome": "253272000000",
            "sellingGeneralAndAdministrative": "-165330000",
            "researchAndDevelopment": "None",
            "operatingExpenses": "5129032000000",
            "investmentIncomeNet": "None",
            "netInterestIncome": "-71234000",
            "interestIncome": "140709000",
            "interestExpense": "183953000000",
            "nonInterestIncome": "None",
            "otherNonOperatingIncome": "101345000",
            "depreciation": "None",
            "depreciationAndAmortization": "546621000",
            "incomeBeforeTax": "197196000000",
            "incomeTaxExpense": "162975000000",
            "interestAndDebtExpense": "None",
            "netIncomeFromContinuingOperations": "245386000",
            "comprehensiveIncomeNetOfTax": "None",
            "ebit": "381149000000",
            "ebitda": "381695621000",
            "netIncome": "34221000000"
        },
        {
            "fiscalDateEnding": "2021-09-30",
            "reportedCurrency": "USD",
            "grossProfit": "1560511000",
            "totalRevenue": "3353532000",
            "costOfRevenue": "1793021000",
            "costofGoodsAndServicesSold": "1793021000",
            "operatingIncome": "827731000",
            "sellingGeneralAndAdministrative": "-182347000",
            "researchAndDevelopment": "None",
            "operatingExpenses": "732780000",
            "investmentIncomeNet": "None",
            "netInterestIncome": "-134388000",
            "interestIncome": "75112000",
            "interestExpense": "209500000",
            "nonInterestIncome": "None",
            "otherNonOperatingIncome": "75495000",
            "depreciation": "None",
            "depreciationAndAmortization": "546029000",
            "incomeBeforeTax": "693865000",
            "incomeTaxExpense": "158282000",
            "interestAndDebtExpense": "None",
            "netIncomeFromContinuingOperations": "535583000",
            "comprehensiveIncomeNetOfTax": "None",
            "ebit": "903365000",
            "ebitda": "1449394000",
            "netIncome": "535583000"
        },
        {
            "fiscalDateEnding": "2021-06-30",
            "reportedCurrency": "USD",
            "grossProfit": "1118817000",
            "totalRevenue": "2822070000",
            "costOfRevenue": "1703253000",
            "costofGoodsAndServicesSold": "1703253000",
            "operatingIncome": "510300000",
            "sellingGeneralAndAdministrative": "-155911000",
            "researchAndDevelopment": "None",
            "operatingExpenses": "608517000",
            "investmentIncomeNet": "None",
            "netInterestIncome": "-142047000",
            "interestIncome": "-142047000",
            "interestExpense": "213376000",
            "nonInterestIncome": "None",
            "otherNonOperatingIncome": "25358000",
            "depreciation": "None",
            "depreciationAndAmortization": "569723000",
            "incomeBeforeTax": "-19810000",
            "incomeTaxExpense": "-18416000",
            "interestAndDebtExpense": "None",
            "netIncomeFromContinuingOperations": "-1394000",
            "comprehensiveIncomeNetOfTax": "None",
            "ebit": "193566000",
            "ebitda": "763289000",
            "netIncome": "-1394000"
        },
        {
            "fiscalDateEnding": "2021-03-31",
            "reportedCurrency": "USD",
            "grossProfit": "1213412000",
            "totalRevenue": "2844838000",
            "costOfRevenue": "1631426000",
            "costofGoodsAndServicesSold": "1631426000",
            "operatingIncome": "511270000",
            "sellingGeneralAndAdministrative": "-156702000",
            "researchAndDevelopment": "None",
            "operatingExpenses": "702142000",
            "investmentIncomeNet": "None",
            "netInterestIncome": "-56558000",
            "interestIncome": "143315000",
            "interestExpense": "199873000",
            "nonInterestIncome": "None",
            "otherNonOperatingIncome": "96963000",
            "depreciation": "None",
            "depreciationAndAmortization": "580571000",
            "incomeBeforeTax": "405087000",
            "incomeTaxExpense": "65942000",
            "interestAndDebtExpense": "None",
            "netIncomeFromContinuingOperations": "339145000",
            "comprehensiveIncomeNetOfTax": "None",
            "ebit": "604960000",
            "ebitda": "1185531000",
            "netIncome": "339145000"
        },
        {
            "fiscalDateEnding": "2020-12-31",
            "reportedCurrency": "USD",
            "grossProfit": "897432000",
            "totalRevenue": "2370102000",
            "costOfRevenue": "1472670000",
            "costofGoodsAndServicesSold": "1472670000",
            "operatingIncome": "162402000",
            "sellingGeneralAndAdministrative": "-152475000",
            "researchAndDevelopment": "None",
            "operatingExpenses": "735030000",
            "investmentIncomeNet": "None",
            "netInterestIncome": "2861000",
            "interestIncome": "2861000",
            "interestExpense": "194131000",
            "nonInterestIncome": "None",
            "otherNonOperatingIncome": "145695000",
            "depreciation": "None",
            "depreciationAndAmortization": "-1630892000",
            "incomeBeforeTax": "103676000",
            "incomeTaxExpense": "-288872000",
            "interestAndDebtExpense": "None",
            "netIncomeFromContinuingOperations": "392547000",
            "comprehensiveIncomeNetOfTax": "None",
            "ebit": "297807000",
            "ebitda": "-1333085000",
            "netIncome": "392548000"
        },
        {
            "fiscalDateEnding": "2020-09-30",
            "reportedCurrency": "USD",
            "grossProfit": "1421255000",
            "totalRevenue": "2903568000",
            "costOfRevenue": "1482313000",
            "costofGoodsAndServicesSold": "1482313000",
            "operatingIncome": "782477000",
            "sellingGeneralAndAdministrative": "-171425000",
            "researchAndDevelopment": "None",
            "operatingExpenses": "638778000",
            "investmentIncomeNet": "None",
            "netInterestIncome": "-68874000",
            "interestIncome": "-68874000",
            "interestExpense": "196731000",
            "nonInterestIncome": "None",
            "otherNonOperatingIncome": "93858000",
            "depreciation": "None",
            "depreciationAndAmortization": "563692000",
            "incomeBeforeTax": "675143000",
            "incomeTaxExpense": "149444000",
            "interestAndDebtExpense": "None",
            "netIncomeFromContinuingOperations": "525699000",
            "comprehensiveIncomeNetOfTax": "None",
            "ebit": "871874000",
            "ebitda": "1435566000",
            "netIncome": "525699000"
        },
        {
            "fiscalDateEnding": "2020-06-30",
            "reportedCurrency": "USD",
            "grossProfit": "1078667000",
            "totalRevenue": "2412788000",
            "costOfRevenue": "1334121000",
            "costofGoodsAndServicesSold": "1334121000",
            "operatingIncome": "446086000",
            "sellingGeneralAndAdministrative": "158646000",
            "researchAndDevelopment": "None",
            "operatingExpenses": "632581000",
            "investmentIncomeNet": "None",
            "netInterestIncome": "80167000",
            "interestIncome": "284823000",
            "interestExpense": "204656000",
            "nonInterestIncome": "None",
            "otherNonOperatingIncome": "219573000",
            "depreciation": "None",
            "depreciationAndAmortization": "562616000",
            "incomeBeforeTax": "454228000",
            "incomeTaxExpense": "89115000",
            "interestAndDebtExpense": "None",
            "netIncomeFromContinuingOperations": "365113000",
            "comprehensiveIncomeNetOfTax": "None",
            "ebit": "658884000",
            "ebitda": "1221500000",
            "netIncome": "365113000"
        },
        {
            "fiscalDateEnding": "2020-03-31",
            "reportedCurrency": "USD",
            "grossProfit": "1060860000",
            "totalRevenue": "2427179000",
            "costOfRevenue": "1366319000",
            "costofGoodsAndServicesSold": "1366319000",
            "operatingIncome": "404851000",
            "sellingGeneralAndAdministrative": "170294000",
            "researchAndDevelopment": "None",
            "operatingExpenses": "656009000",
            "investmentIncomeNet": "None",
            "netInterestIncome": "-406998000",
            "interestIncome": "-216853000",
            "interestExpense": "406998000",
            "nonInterestIncome": "None",
            "otherNonOperatingIncome": "-157511000",
            "depreciation": "None",
            "depreciationAndAmortization": "568596000",
            "incomeBeforeTax": "52100000",
            "incomeTaxExpense": "-71194000",
            "interestAndDebtExpense": "None",
            "netIncomeFromContinuingOperations": "123294000",
            "comprehensiveIncomeNetOfTax": "None",
            "ebit": "459098000",
            "ebitda": "1027694000",
            "netIncome": "123294000"
        },
        {
            "fiscalDateEnding": "2019-12-31",
            "reportedCurrency": "USD",
            "grossProfit": "890863000",
            "totalRevenue": "2462306000",
            "costOfRevenue": "1571443000",
            "costofGoodsAndServicesSold": "1571443000",
            "operatingIncome": "250084000",
            "sellingGeneralAndAdministrative": "156031000",
            "researchAndDevelopment": "None",
            "operatingExpenses": "640779000",
            "investmentIncomeNet": "None",
            "netInterestIncome": "-46693000",
            "interestIncome": "141249000",
            "interestExpense": "187942000",
            "nonInterestIncome": "None",
            "otherNonOperatingIncome": "85753000",
            "depreciation": "None",
            "depreciationAndAmortization": "547636000",
            "incomeBeforeTax": "146350000",
            "incomeTaxExpense": "-243255000",
            "interestAndDebtExpense": "None",
            "netIncomeFromContinuingOperations": "389606000",
            "comprehensiveIncomeNetOfTax": "None",
            "ebit": "334292000",
            "ebitda": "881928000",
            "netIncome": "389605000"
        },
        {
            "fiscalDateEnding": "2019-09-30",
            "reportedCurrency": "USD",
            "grossProfit": "1369557000",
            "totalRevenue": "3140575000",
            "costOfRevenue": "1771018000",
            "costofGoodsAndServicesSold": "1771018000",
            "operatingIncome": "718015000",
            "sellingGeneralAndAdministrative": "165731000",
            "researchAndDevelopment": "None",
            "operatingExpenses": "651542000",
            "investmentIncomeNet": "None",
            "netInterestIncome": "-104344000",
            "interestIncome": "82295000",
            "interestExpense": "186639000",
            "nonInterestIncome": "None",
            "otherNonOperatingIncome": "65370000",
            "depreciation": "None",
            "depreciationAndAmortization": "565870000",
            "incomeBeforeTax": "398660000",
            "incomeTaxExpense": "29201000",
            "interestAndDebtExpense": "None",
            "netIncomeFromContinuingOperations": "369459000",
            "comprehensiveIncomeNetOfTax": "None",
            "ebit": "585299000",
            "ebitda": "1151169000",
            "netIncome": "369459000"
        },
        {
            "fiscalDateEnding": "2019-06-30",
            "reportedCurrency": "USD",
            "grossProfit": "960193000",
            "totalRevenue": "2666209000",
            "costOfRevenue": "1706016000",
            "costofGoodsAndServicesSold": "1706016000",
            "operatingIncome": "355194000",
            "sellingGeneralAndAdministrative": "163408000",
            "researchAndDevelopment": "None",
            "operatingExpenses": "604999000",
            "investmentIncomeNet": "None",
            "netInterestIncome": "-88083000",
            "interestIncome": "96218000",
            "interestExpense": "184301000",
            "nonInterestIncome": "None",
            "otherNonOperatingIncome": "87517000",
            "depreciation": "None",
            "depreciationAndAmortization": "538583000",
            "incomeBeforeTax": "241991000",
            "incomeTaxExpense": "1458000",
            "interestAndDebtExpense": "None",
            "netIncomeFromContinuingOperations": "240533000",
            "comprehensiveIncomeNetOfTax": "None",
            "ebit": "426292000",
            "ebitda": "964875000",
            "netIncome": "240533000"
        },
        {
            "fiscalDateEnding": "2019-03-31",
            "reportedCurrency": "USD",
            "grossProfit": "958255000",
            "totalRevenue": "2609584000",
            "costOfRevenue": "1651329000",
            "costofGoodsAndServicesSold": "1651329000",
            "operatingIncome": "357233000",
            "sellingGeneralAndAdministrative": "158575000",
            "researchAndDevelopment": "None",
            "operatingExpenses": "601022000",
            "investmentIncomeNet": "None",
            "netInterestIncome": "44605000",
            "interestIncome": "44605000",
            "interestExpense": "183544000",
            "nonInterestIncome": "None",
            "otherNonOperatingIncome": "201707000",
            "depreciation": "None",
            "depreciationAndAmortization": "530224000",
            "incomeBeforeTax": "301417000",
            "incomeTaxExpense": "42771000",
            "interestAndDebtExpense": "None",
            "netIncomeFromContinuingOperations": "258646000",
            "comprehensiveIncomeNetOfTax": "None",
            "ebit": "484961000",
            "ebitda": "1015185000",
            "netIncome": "258646000"
        },
        {
            "fiscalDateEnding": "2018-12-31",
            "reportedCurrency": "USD",
            "grossProfit": "454988000",
            "totalRevenue": "2512482000",
            "costOfRevenue": "2057494000",
            "costofGoodsAndServicesSold": "2057494000",
            "operatingIncome": "-228932000",
            "sellingGeneralAndAdministrative": "2427489000",
            "researchAndDevelopment": "0",
            "operatingExpenses": "683920000",
            "investmentIncomeNet": "None",
            "netInterestIncome": "None",
            "interestIncome": "None",
            "interestExpense": "179977000",
            "nonInterestIncome": "None",
            "otherNonOperatingIncome": "-170302000",
            "depreciation": "None",
            "depreciationAndAmortization": "523211000",
            "incomeBeforeTax": "-579211000",
            "incomeTaxExpense": "-516889000",
            "interestAndDebtExpense": "None",
            "netIncomeFromContinuingOperations": "-62323000",
            "comprehensiveIncomeNetOfTax": "None",
            "ebit": "-399234000",
            "ebitda": "123977000",
            "netIncome": "-62322000"
        },
        {
            "fiscalDateEnding": "2018-09-30",
            "reportedCurrency": "USD",
            "grossProfit": "888505000",
            "totalRevenue": "3104319000",
            "costOfRevenue": "2215814000",
            "costofGoodsAndServicesSold": "2215814000",
            "operatingIncome": "271035000",
            "sellingGeneralAndAdministrative": "161916000",
            "researchAndDevelopment": "0",
            "operatingExpenses": "617470000",
            "investmentIncomeNet": "None",
            "netInterestIncome": "None",
            "interestIncome": "None",
            "interestExpense": "180067000",
            "nonInterestIncome": "None",
            "otherNonOperatingIncome": "165844000",
            "depreciation": "None",
            "depreciationAndAmortization": "489735000",
            "incomeBeforeTax": "256812000",
            "incomeTaxExpense": "-283006000",
            "interestAndDebtExpense": "None",
            "netIncomeFromContinuingOperations": "539818000",
            "comprehensiveIncomeNetOfTax": "None",
            "ebit": "436879000",
            "ebitda": "926614000",
            "netIncome": "539818000"
        },
        {
            "fiscalDateEnding": "2018-06-30",
            "reportedCurrency": "USD",
            "grossProfit": "841528000",
            "totalRevenue": "2668770000",
            "costOfRevenue": "1827242000",
            "costofGoodsAndServicesSold": "1827242000",
            "operatingIncome": "91597000",
            "sellingGeneralAndAdministrative": "998650000",
            "researchAndDevelopment": "0",
            "operatingExpenses": "749931000",
            "investmentIncomeNet": "None",
            "netInterestIncome": "None",
            "interestIncome": "None",
            "interestExpense": "177646000",
            "nonInterestIncome": "None",
            "otherNonOperatingIncome": "54313000",
            "depreciation": "None",
            "depreciationAndAmortization": "502428000",
            "incomeBeforeTax": "-31736000",
            "incomeTaxExpense": "-280596000",
            "interestAndDebtExpense": "None",
            "netIncomeFromContinuingOperations": "248860000",
            "comprehensiveIncomeNetOfTax": "None",
            "ebit": "145910000",
            "ebitda": "648338000",
            "netIncome": "248860000"
        },
        {
            "fiscalDateEnding": "2018-03-31",
            "reportedCurrency": "USD",
            "grossProfit": "985293000",
            "totalRevenue": "2723881000",
            "costOfRevenue": "1738588000",
            "costofGoodsAndServicesSold": "1738588000",
            "operatingIncome": "335664000",
            "sellingGeneralAndAdministrative": "948803000",
            "researchAndDevelopment": "0",
            "operatingExpenses": "649629000",
            "investmentIncomeNet": "None",
            "netInterestIncome": "None",
            "interestIncome": "None",
            "interestExpense": "169658000",
            "nonInterestIncome": "None",
            "otherNonOperatingIncome": "13857000",
            "depreciation": "None",
            "depreciationAndAmortization": "525181000",
            "incomeBeforeTax": "179863000",
            "incomeTaxExpense": "43663000",
            "interestAndDebtExpense": "None",
            "netIncomeFromContinuingOperations": "136200000",
            "comprehensiveIncomeNetOfTax": "None",
            "ebit": "349521000",
            "ebitda": "874702000",
            "netIncome": "136200000"
        },
        {
            "fiscalDateEnding": "2017-12-31",
            "reportedCurrency": "USD",
            "grossProfit": "721049000",
            "totalRevenue": "2623845000",
            "costOfRevenue": "1902796000",
            "costofGoodsAndServicesSold": "1902796000",
            "operatingIncome": "211901000",
            "sellingGeneralAndAdministrative": "5900000",
            "researchAndDevelopment": "0",
            "operatingExpenses": "509148000",
            "investmentIncomeNet": "None",
            "netInterestIncome": "None",
            "interestIncome": "None",
            "interestExpense": "170543000",
            "nonInterestIncome": "None",
            "otherNonOperatingIncome": "None",
            "depreciation": "None",
            "depreciationAndAmortization": "517013000",
            "incomeBeforeTax": "154414000",
            "incomeTaxExpense": "630125000",
            "interestAndDebtExpense": "None",
            "netIncomeFromContinuingOperations": "985027000",
            "comprehensiveIncomeNetOfTax": "None",
            "ebit": "324957000",
            "ebitda": "841970000",
            "netIncome": "-475711000"
        },
        {
            "fiscalDateEnding": "2017-09-30",
            "reportedCurrency": "USD",
            "grossProfit": "1358509000",
            "totalRevenue": "3243628000",
            "costOfRevenue": "1885119000",
            "costofGoodsAndServicesSold": "1885119000",
            "operatingIncome": "729469000",
            "sellingGeneralAndAdministrative": "964009000",
            "researchAndDevelopment": "0",
            "operatingExpenses": "629040000",
            "investmentIncomeNet": "None",
            "netInterestIncome": "None",
            "interestIncome": "None",
            "interestExpense": "166899000",
            "nonInterestIncome": "None",
            "otherNonOperatingIncome": "80869000",
            "depreciation": "None",
            "depreciationAndAmortization": "518894000",
            "incomeBeforeTax": "643439000",
            "incomeTaxExpense": "241795000",
            "interestAndDebtExpense": "None",
            "netIncomeFromContinuingOperations": "401644000",
            "comprehensiveIncomeNetOfTax": "None",
            "ebit": "810338000",
            "ebitda": "1329232000",
            "netIncome": "401644000"
        },
        {
            "fiscalDateEnding": "2017-06-30",
            "reportedCurrency": "USD",
            "grossProfit": "753950000",
            "totalRevenue": "2618550000",
            "costOfRevenue": "1864600000",
            "costofGoodsAndServicesSold": "1864600000",
            "operatingIncome": "143509000",
            "sellingGeneralAndAdministrative": "973561000",
            "researchAndDevelopment": "0",
            "operatingExpenses": "610441000",
            "investmentIncomeNet": "None",
            "netInterestIncome": "None",
            "interestIncome": "None",
            "interestExpense": "162854000",
            "nonInterestIncome": "None",
            "otherNonOperatingIncome": "95601000",
            "depreciation": "None",
            "depreciationAndAmortization": "511298000",
            "incomeBeforeTax": "76256000",
            "incomeTaxExpense": "-337112000",
            "interestAndDebtExpense": "None",
            "netIncomeFromContinuingOperations": "413368000",
            "comprehensiveIncomeNetOfTax": "None",
            "ebit": "239110000",
            "ebitda": "750408000",
            "netIncome": "413368000"
        },
        {
            "fiscalDateEnding": "2017-03-31",
            "reportedCurrency": "USD",
            "grossProfit": "691223000",
            "totalRevenue": "2588458000",
            "costOfRevenue": "1897235000",
            "costofGoodsAndServicesSold": "1897235000",
            "operatingIncome": "158533000",
            "sellingGeneralAndAdministrative": "0",
            "researchAndDevelopment": "0",
            "operatingExpenses": "532690000",
            "investmentIncomeNet": "None",
            "netInterestIncome": "None",
            "interestIncome": "None",
            "interestExpense": "162047000",
            "nonInterestIncome": "None",
            "otherNonOperatingIncome": "None",
            "depreciation": "None",
            "depreciationAndAmortization": "531373000",
            "incomeBeforeTax": "93814000",
            "incomeTaxExpense": "7763000",
            "interestAndDebtExpense": "None",
            "netIncomeFromContinuingOperations": "86051000",
            "comprehensiveIncomeNetOfTax": "None",
            "ebit": "255861000",
            "ebitda": "787234000",
            "netIncome": "86051000"
        },
        {
            "fiscalDateEnding": "2016-12-31",
            "reportedCurrency": "USD",
            "grossProfit": "-1982231000",
            "totalRevenue": "2648527000",
            "costOfRevenue": "4630758000",
            "costofGoodsAndServicesSold": "4630758000",
            "operatingIncome": "-2599001000",
            "sellingGeneralAndAdministrative": "5300000",
            "researchAndDevelopment": "0",
            "operatingExpenses": "616770000",
            "investmentIncomeNet": "None",
            "netInterestIncome": "None",
            "interestIncome": "None",
            "interestExpense": "164546000",
            "nonInterestIncome": "None",
            "otherNonOperatingIncome": "None",
            "depreciation": "None",
            "depreciationAndAmortization": "574419000",
            "incomeBeforeTax": "-2731676000",
            "incomeTaxExpense": "-966138000",
            "interestAndDebtExpense": "None",
            "netIncomeFromContinuingOperations": "35223000",
            "comprehensiveIncomeNetOfTax": "None",
            "ebit": "-2567130000",
            "ebitda": "-1992711000",
            "netIncome": "-1765538000"
        }
    ]
}