{
    "symbol": "RF",
    "annualReports": [
        {
            "fiscalDateEnding": "2021-12-31",
            "reportedCurrency": "USD",
            "grossProfit": "3768000000",
            "totalRevenue": "7022000000",
            "costOfRevenue": "3254000000",
            "costofGoodsAndServicesSold": "None",
            "operatingIncome": "3250000000",
            "sellingGeneralAndAdministrative": "507000000",
            "researchAndDevelopment": "None",
            "operatingExpenses": "518000000",
            "investmentIncomeNet": "None",
            "netInterestIncome": "3914000000",
            "interestIncome": "4081000000",
            "interestExpense": "167000000",
            "nonInterestIncome": "2524000000",
            "otherNonOperatingIncome": "None",
            "depreciation": "None",
            "depreciationAndAmortization": "371000000",
            "incomeBeforeTax": "3215000000",
            "incomeTaxExpense": "694000000",
            "interestAndDebtExpense": "187000000",
            "netIncomeFromContinuingOperations": "2521000000",
            "comprehensiveIncomeNetOfTax": "1495000000",
            "ebit": "3382000000",
            "ebitda": "3753000000",
            "netIncome": "2521000000"
        },
        {
            "fiscalDateEnding": "2020-12-31",
            "reportedCurrency": "USD",
            "grossProfit": "52000000",
            "totalRevenue": "5007000000",
            "costOfRevenue": "4955000000",
            "costofGoodsAndServicesSold": "None",
            "operatingIncome": "-444000000",
            "sellingGeneralAndAdministrative": "496000000",
            "researchAndDevelopment": "None",
            "operatingExpenses": "496000000",
            "investmentIncomeNet": "None",
            "netInterestIncome": "3894000000",
            "interestIncome": "4262000000",
            "interestExpense": "368000000",
            "nonInterestIncome": "2393000000",
            "otherNonOperatingIncome": "None",
            "depreciation": "None",
            "depreciationAndAmortization": "421000000",
            "incomeBeforeTax": "1314000000",
            "incomeTaxExpense": "220000000",
            "interestAndDebtExpense": "390000000",
            "netIncomeFromContinuingOperations": "1094000000",
            "comprehensiveIncomeNetOfTax": "2499000000",
            "ebit": "1682000000",
            "ebitda": "2103000000",
            "netIncome": "1094000000"
        },
        {
            "fiscalDateEnding": "2019-12-31",
            "reportedCurrency": "USD",
            "grossProfit": "1614000000",
            "totalRevenue": "5533000000",
            "costOfRevenue": "3919000000",
            "costofGoodsAndServicesSold": "43000000",
            "operatingIncome": "1099000000",
            "sellingGeneralAndAdministrative": "513000000",
            "researchAndDevelopment": "None",
            "operatingExpenses": "515000000",
            "investmentIncomeNet": "None",
            "netInterestIncome": "3745000000",
            "interestIncome": "4596000000",
            "interestExpense": "851000000",
            "nonInterestIncome": "2116000000",
            "otherNonOperatingIncome": "None",
            "depreciation": "43000000",
            "depreciationAndAmortization": "426000000",
            "incomeBeforeTax": "1985000000",
            "incomeTaxExpense": "403000000",
            "interestAndDebtExpense": "867000000",
            "netIncomeFromContinuingOperations": "1582000000",
            "comprehensiveIncomeNetOfTax": "2456000000",
            "ebit": "2836000000",
            "ebitda": "3262000000",
            "netIncome": "1582000000"
        },
        {
            "fiscalDateEnding": "2018-12-31",
            "reportedCurrency": "USD",
            "grossProfit": "1740000000",
            "totalRevenue": "5595000000",
            "costOfRevenue": "3855000000",
            "costofGoodsAndServicesSold": "56000000",
            "operatingIncome": "1028000000",
            "sellingGeneralAndAdministrative": "712000000",
            "researchAndDevelopment": "None",
            "operatingExpenses": "431000000",
            "investmentIncomeNet": "None",
            "netInterestIncome": "3735000000",
            "interestIncome": "4337000000",
            "interestExpense": "602000000",
            "nonInterestIncome": "2019000000",
            "otherNonOperatingIncome": "None",
            "depreciation": "56000000",
            "depreciationAndAmortization": "462000000",
            "incomeBeforeTax": "2146000000",
            "incomeTaxExpense": "387000000",
            "interestAndDebtExpense": "602000000",
            "netIncomeFromContinuingOperations": "1568000000",
            "comprehensiveIncomeNetOfTax": "1544000000",
            "ebit": "2748000000",
            "ebitda": "3210000000",
            "netIncome": "1759000000"
        },
        {
            "fiscalDateEnding": "2017-12-31",
            "reportedCurrency": "USD",
            "grossProfit": "1786000000",
            "totalRevenue": "5635000000",
            "costOfRevenue": "3849000000",
            "costofGoodsAndServicesSold": "75000000",
            "operatingIncome": "-880000000",
            "sellingGeneralAndAdministrative": "2654000000",
            "researchAndDevelopment": "None",
            "operatingExpenses": "2666000000",
            "investmentIncomeNet": "None",
            "netInterestIncome": "3539000000",
            "interestIncome": "3912000000",
            "interestExpense": "373000000",
            "nonInterestIncome": "1962000000",
            "otherNonOperatingIncome": "None",
            "depreciation": "75000000",
            "depreciationAndAmortization": "537000000",
            "incomeBeforeTax": "1882000000",
            "incomeTaxExpense": "619000000",
            "interestAndDebtExpense": "373000000",
            "netIncomeFromContinuingOperations": "1241000000",
            "comprehensiveIncomeNetOfTax": "1197000000",
            "ebit": "2255000000",
            "ebitda": "2787000000",
            "netIncome": "1263000000"
        }
    ],
    "quarterlyReports": [
        {
            "fiscalDateEnding": "2021-12-31",
            "reportedCurrency": "USD",
            "grossProfit": "415000000",
            "totalRevenue": "1539000000",
            "costOfRevenue": "1124000000",
            "costofGoodsAndServicesSold": "None",
            "operatingIncome": "132000000",
            "sellingGeneralAndAdministrative": "280000000",
            "researchAndDevelopment": "None",
            "operatingExpenses": "283000000",
            "investmentIncomeNet": "None",
            "netInterestIncome": "1019000000",
            "interestIncome": "1056000000",
            "interestExpense": "37000000",
            "nonInterestIncome": "615000000",
            "otherNonOperatingIncome": "None",
            "depreciation": "None",
            "depreciationAndAmortization": "78000000",
            "incomeBeforeTax": "541000000",
            "incomeTaxExpense": "103000000",
            "interestAndDebtExpense": "37000000",
            "netIncomeFromContinuingOperations": "438000000",
            "comprehensiveIncomeNetOfTax": "195000000",
            "ebit": "578000000",
            "ebitda": "656000000",
            "netIncome": "438000000"
        },
        {
            "fiscalDateEnding": "2021-09-30",
            "reportedCurrency": "USD",
            "grossProfit": "1003000000",
            "totalRevenue": "1786000000",
            "costOfRevenue": "783000000",
            "costofGoodsAndServicesSold": "None",
            "operatingIncome": "920000000",
            "sellingGeneralAndAdministrative": "75000000",
            "researchAndDevelopment": "None",
            "operatingExpenses": "83000000",
            "investmentIncomeNet": "None",
            "netInterestIncome": "965000000",
            "interestIncome": "1006000000",
            "interestExpense": "41000000",
            "nonInterestIncome": "649000000",
            "otherNonOperatingIncome": "None",
            "depreciation": "None",
            "depreciationAndAmortization": "98000000",
            "incomeBeforeTax": "831000000",
            "incomeTaxExpense": "180000000",
            "interestAndDebtExpense": "41000000",
            "netIncomeFromContinuingOperations": "651000000",
            "comprehensiveIncomeNetOfTax": "532000000",
            "ebit": "872000000",
            "ebitda": "970000000",
            "netIncome": "651000000"
        },
        {
            "fiscalDateEnding": "2021-06-30",
            "reportedCurrency": "USD",
            "grossProfit": "1372000000",
            "totalRevenue": "1933000000",
            "costOfRevenue": "561000000",
            "costofGoodsAndServicesSold": "None",
            "operatingIncome": "1297000000",
            "sellingGeneralAndAdministrative": "75000000",
            "researchAndDevelopment": "None",
            "operatingExpenses": "75000000",
            "investmentIncomeNet": "None",
            "netInterestIncome": "963000000",
            "interestIncome": "1006000000",
            "interestExpense": "43000000",
            "nonInterestIncome": "619000000",
            "otherNonOperatingIncome": "None",
            "depreciation": "None",
            "depreciationAndAmortization": "94000000",
            "incomeBeforeTax": "1021000000",
            "incomeTaxExpense": "231000000",
            "interestAndDebtExpense": "43000000",
            "netIncomeFromContinuingOperations": "790000000",
            "comprehensiveIncomeNetOfTax": "849000000",
            "ebit": "1064000000",
            "ebitda": "1158000000",
            "netIncome": "790000000"
        },
        {
            "fiscalDateEnding": "2021-03-31",
            "reportedCurrency": "USD",
            "grossProfit": "978000000",
            "totalRevenue": "1764000000",
            "costOfRevenue": "786000000",
            "costofGoodsAndServicesSold": "None",
            "operatingIncome": "901000000",
            "sellingGeneralAndAdministrative": "77000000",
            "researchAndDevelopment": "None",
            "operatingExpenses": "77000000",
            "investmentIncomeNet": "None",
            "netInterestIncome": "967000000",
            "interestIncome": "1013000000",
            "interestExpense": "46000000",
            "nonInterestIncome": "641000000",
            "otherNonOperatingIncome": "None",
            "depreciation": "None",
            "depreciationAndAmortization": "101000000",
            "incomeBeforeTax": "822000000",
            "incomeTaxExpense": "180000000",
            "interestAndDebtExpense": "46000000",
            "netIncomeFromContinuingOperations": "642000000",
            "comprehensiveIncomeNetOfTax": "-81000000",
            "ebit": "868000000",
            "ebitda": "969000000",
            "netIncome": "642000000"
        },
        {
            "fiscalDateEnding": "2020-12-31",
            "reportedCurrency": "USD",
            "grossProfit": "811000000",
            "totalRevenue": "1742000000",
            "costOfRevenue": "931000000",
            "costofGoodsAndServicesSold": "None",
            "operatingIncome": "550000000",
            "sellingGeneralAndAdministrative": "261000000",
            "researchAndDevelopment": "None",
            "operatingExpenses": "261000000",
            "investmentIncomeNet": "None",
            "netInterestIncome": "1006000000",
            "interestIncome": "1061000000",
            "interestExpense": "55000000",
            "nonInterestIncome": "680000000",
            "otherNonOperatingIncome": "None",
            "depreciation": "None",
            "depreciationAndAmortization": "61000000",
            "incomeBeforeTax": "737000000",
            "incomeTaxExpense": "121000000",
            "interestAndDebtExpense": "69000000",
            "netIncomeFromContinuingOperations": "616000000",
            "comprehensiveIncomeNetOfTax": "366000000",
            "ebit": "792000000",
            "ebitda": "853000000",
            "netIncome": "616000000"
        },
        {
            "fiscalDateEnding": "2020-09-30",
            "reportedCurrency": "USD",
            "grossProfit": "529000000",
            "totalRevenue": "1538000000",
            "costOfRevenue": "1009000000",
            "costofGoodsAndServicesSold": "None",
            "operatingIncome": "449000000",
            "sellingGeneralAndAdministrative": "80000000",
            "researchAndDevelopment": "None",
            "operatingExpenses": "80000000",
            "investmentIncomeNet": "None",
            "netInterestIncome": "988000000",
            "interestIncome": "1059000000",
            "interestExpense": "71000000",
            "nonInterestIncome": "655000000",
            "otherNonOperatingIncome": "None",
            "depreciation": "None",
            "depreciationAndAmortization": "132000000",
            "incomeBeforeTax": "634000000",
            "incomeTaxExpense": "104000000",
            "interestAndDebtExpense": "71000000",
            "netIncomeFromContinuingOperations": "530000000",
            "comprehensiveIncomeNetOfTax": "469000000",
            "ebit": "705000000",
            "ebitda": "837000000",
            "netIncome": "530000000"
        },
        {
            "fiscalDateEnding": "2020-06-30",
            "reportedCurrency": "USD",
            "grossProfit": "-1132000000",
            "totalRevenue": "674000000",
            "costOfRevenue": "1806000000",
            "costofGoodsAndServicesSold": "None",
            "operatingIncome": "-1208000000",
            "sellingGeneralAndAdministrative": "76000000",
            "researchAndDevelopment": "None",
            "operatingExpenses": "76000000",
            "investmentIncomeNet": "None",
            "netInterestIncome": "972000000",
            "interestIncome": "1063000000",
            "interestExpense": "91000000",
            "nonInterestIncome": "573000000",
            "otherNonOperatingIncome": "None",
            "depreciation": "None",
            "depreciationAndAmortization": "128000000",
            "incomeBeforeTax": "-261000000",
            "incomeTaxExpense": "-47000000",
            "interestAndDebtExpense": "91000000",
            "netIncomeFromContinuingOperations": "-214000000",
            "comprehensiveIncomeNetOfTax": "88000000",
            "ebit": "-170000000",
            "ebitda": "None",
            "netIncome": "-214000000"
        },
        {
            "fiscalDateEnding": "2020-03-31",
            "reportedCurrency": "USD",
            "grossProfit": "-156000000",
            "totalRevenue": "1053000000",
            "costOfRevenue": "1209000000",
            "costofGoodsAndServicesSold": "None",
            "operatingIncome": "-235000000",
            "sellingGeneralAndAdministrative": "79000000",
            "researchAndDevelopment": "None",
            "operatingExpenses": "79000000",
            "investmentIncomeNet": "None",
            "netInterestIncome": "928000000",
            "interestIncome": "1079000000",
            "interestExpense": "151000000",
            "nonInterestIncome": "485000000",
            "otherNonOperatingIncome": "None",
            "depreciation": "None",
            "depreciationAndAmortization": "100000000",
            "incomeBeforeTax": "204000000",
            "incomeTaxExpense": "42000000",
            "interestAndDebtExpense": "151000000",
            "netIncomeFromContinuingOperations": "162000000",
            "comprehensiveIncomeNetOfTax": "1576000000",
            "ebit": "355000000",
            "ebitda": "None",
            "netIncome": "162000000"
        },
        {
            "fiscalDateEnding": "2019-12-31",
            "reportedCurrency": "USD",
            "grossProfit": "394000000",
            "totalRevenue": "1397000000",
            "costOfRevenue": "1003000000",
            "costofGoodsAndServicesSold": "10000000",
            "operatingIncome": "123000000",
            "sellingGeneralAndAdministrative": "271000000",
            "researchAndDevelopment": "None",
            "operatingExpenses": "271000000",
            "investmentIncomeNet": "None",
            "netInterestIncome": "918000000",
            "interestIncome": "1098000000",
            "interestExpense": "180000000",
            "nonInterestIncome": "562000000",
            "otherNonOperatingIncome": "None",
            "depreciation": "10000000",
            "depreciationAndAmortization": "10000000",
            "incomeBeforeTax": "487000000",
            "incomeTaxExpense": "98000000",
            "interestAndDebtExpense": "196000000",
            "netIncomeFromContinuingOperations": "389000000",
            "comprehensiveIncomeNetOfTax": "4000000",
            "ebit": "667000000",
            "ebitda": "None",
            "netIncome": "389000000"
        },
        {
            "fiscalDateEnding": "2019-09-30",
            "reportedCurrency": "USD",
            "grossProfit": "410000000",
            "totalRevenue": "1399000000",
            "costOfRevenue": "989000000",
            "costofGoodsAndServicesSold": "10000000",
            "operatingIncome": "328000000",
            "sellingGeneralAndAdministrative": "80000000",
            "researchAndDevelopment": "None",
            "operatingExpenses": "82000000",
            "investmentIncomeNet": "None",
            "netInterestIncome": "937000000",
            "interestIncome": "1150000000",
            "interestExpense": "213000000",
            "nonInterestIncome": "558000000",
            "otherNonOperatingIncome": "None",
            "depreciation": "10000000",
            "depreciationAndAmortization": "10000000",
            "incomeBeforeTax": "516000000",
            "incomeTaxExpense": "107000000",
            "interestAndDebtExpense": "213000000",
            "netIncomeFromContinuingOperations": "409000000",
            "comprehensiveIncomeNetOfTax": "725000000",
            "ebit": "729000000",
            "ebitda": "None",
            "netIncome": "409000000"
        },
        {
            "fiscalDateEnding": "2019-06-30",
            "reportedCurrency": "USD",
            "grossProfit": "395000000",
            "totalRevenue": "1359000000",
            "costOfRevenue": "964000000",
            "costofGoodsAndServicesSold": "11000000",
            "operatingIncome": "315000000",
            "sellingGeneralAndAdministrative": "80000000",
            "researchAndDevelopment": "None",
            "operatingExpenses": "80000000",
            "investmentIncomeNet": "None",
            "netInterestIncome": "942000000",
            "interestIncome": "1177000000",
            "interestExpense": "235000000",
            "nonInterestIncome": "494000000",
            "otherNonOperatingIncome": "None",
            "depreciation": "11000000",
            "depreciationAndAmortization": "11000000",
            "incomeBeforeTax": "483000000",
            "incomeTaxExpense": "93000000",
            "interestAndDebtExpense": "235000000",
            "netIncomeFromContinuingOperations": "390000000",
            "comprehensiveIncomeNetOfTax": "967000000",
            "ebit": "718000000",
            "ebitda": "None",
            "netIncome": "390000000"
        },
        {
            "fiscalDateEnding": "2019-03-31",
            "reportedCurrency": "USD",
            "grossProfit": "415000000",
            "totalRevenue": "1378000000",
            "costOfRevenue": "963000000",
            "costofGoodsAndServicesSold": "12000000",
            "operatingIncome": "333000000",
            "sellingGeneralAndAdministrative": "82000000",
            "researchAndDevelopment": "None",
            "operatingExpenses": "82000000",
            "investmentIncomeNet": "None",
            "netInterestIncome": "948000000",
            "interestIncome": "1171000000",
            "interestExpense": "223000000",
            "nonInterestIncome": "502000000",
            "otherNonOperatingIncome": "None",
            "depreciation": "12000000",
            "depreciationAndAmortization": "12000000",
            "incomeBeforeTax": "499000000",
            "incomeTaxExpense": "105000000",
            "interestAndDebtExpense": "223000000",
            "netIncomeFromContinuingOperations": "394000000",
            "comprehensiveIncomeNetOfTax": "760000000",
            "ebit": "722000000",
            "ebitda": "None",
            "netIncome": "394000000"
        },
        {
            "fiscalDateEnding": "2018-12-31",
            "reportedCurrency": "USD",
            "grossProfit": "401000000",
            "totalRevenue": "1361000000",
            "costOfRevenue": "960000000",
            "costofGoodsAndServicesSold": "12000000",
            "operatingIncome": "-62000000",
            "sellingGeneralAndAdministrative": "463000000",
            "researchAndDevelopment": "None",
            "operatingExpenses": "463000000",
            "investmentIncomeNet": "None",
            "netInterestIncome": "958000000",
            "interestIncome": "1146000000",
            "interestExpense": "188000000",
            "nonInterestIncome": "481000000",
            "otherNonOperatingIncome": "None",
            "depreciation": "12000000",
            "depreciationAndAmortization": "12000000",
            "incomeBeforeTax": "491000000",
            "incomeTaxExpense": "85000000",
            "interestAndDebtExpense": "188000000",
            "netIncomeFromContinuingOperations": "406000000",
            "comprehensiveIncomeNetOfTax": "836000000",
            "ebit": "679000000",
            "ebitda": "None",
            "netIncome": "406000000"
        },
        {
            "fiscalDateEnding": "2018-09-30",
            "reportedCurrency": "USD",
            "grossProfit": "374000000",
            "totalRevenue": "1394000000",
            "costOfRevenue": "1020000000",
            "costofGoodsAndServicesSold": "14000000",
            "operatingIncome": "292000000",
            "sellingGeneralAndAdministrative": "82000000",
            "researchAndDevelopment": "None",
            "operatingExpenses": "82000000",
            "investmentIncomeNet": "None",
            "netInterestIncome": "942000000",
            "interestIncome": "1098000000",
            "interestExpense": "156000000",
            "nonInterestIncome": "519000000",
            "otherNonOperatingIncome": "None",
            "depreciation": "14000000",
            "depreciationAndAmortization": "14000000",
            "incomeBeforeTax": "649000000",
            "incomeTaxExpense": "85000000",
            "interestAndDebtExpense": "156000000",
            "netIncomeFromContinuingOperations": "370000000",
            "comprehensiveIncomeNetOfTax": "425000000",
            "ebit": "805000000",
            "ebitda": "None",
            "netIncome": "564000000"
        },
        {
            "fiscalDateEnding": "2018-06-30",
            "reportedCurrency": "USD",
            "grossProfit": "410000000",
            "totalRevenue": "1395000000",
            "costOfRevenue": "985000000",
            "costofGoodsAndServicesSold": "14000000",
            "operatingIncome": "326000000",
            "sellingGeneralAndAdministrative": "84000000",
            "researchAndDevelopment": "None",
            "operatingExpenses": "84000000",
            "investmentIncomeNet": "None",
            "netInterestIncome": "926000000",
            "interestIncome": "1062000000",
            "interestExpense": "136000000",
            "nonInterestIncome": "512000000",
            "otherNonOperatingIncome": "None",
            "depreciation": "14000000",
            "depreciationAndAmortization": "14000000",
            "incomeBeforeTax": "464000000",
            "incomeTaxExpense": "89000000",
            "interestAndDebtExpense": "136000000",
            "netIncomeFromContinuingOperations": "378000000",
            "comprehensiveIncomeNetOfTax": "271000000",
            "ebit": "600000000",
            "ebitda": "None",
            "netIncome": "375000000"
        },
        {
            "fiscalDateEnding": "2018-03-31",
            "reportedCurrency": "USD",
            "grossProfit": "575000000",
            "totalRevenue": "1465000000",
            "costOfRevenue": "890000000",
            "costofGoodsAndServicesSold": "16000000",
            "operatingIncome": "-3000000",
            "sellingGeneralAndAdministrative": "578000000",
            "researchAndDevelopment": "None",
            "operatingExpenses": "578000000",
            "investmentIncomeNet": "None",
            "netInterestIncome": "909000000",
            "interestIncome": "1031000000",
            "interestExpense": "122000000",
            "nonInterestIncome": "507000000",
            "otherNonOperatingIncome": "None",
            "depreciation": "16000000",
            "depreciationAndAmortization": "16000000",
            "incomeBeforeTax": "542000000",
            "incomeTaxExpense": "128000000",
            "interestAndDebtExpense": "122000000",
            "netIncomeFromContinuingOperations": "414000000",
            "comprehensiveIncomeNetOfTax": "12000000",
            "ebit": "664000000",
            "ebitda": "None",
            "netIncome": "414000000"
        },
        {
            "fiscalDateEnding": "2017-12-31",
            "reportedCurrency": "USD",
            "grossProfit": "610000000",
            "totalRevenue": "1535000000",
            "costOfRevenue": "925000000",
            "costofGoodsAndServicesSold": "17000000",
            "operatingIncome": "-324000000",
            "sellingGeneralAndAdministrative": "934000000",
            "researchAndDevelopment": "None",
            "operatingExpenses": "934000000",
            "investmentIncomeNet": "None",
            "netInterestIncome": "901000000",
            "interestIncome": "1003000000",
            "interestExpense": "102000000",
            "nonInterestIncome": "516000000",
            "otherNonOperatingIncome": "None",
            "depreciation": "17000000",
            "depreciationAndAmortization": "17000000",
            "incomeBeforeTax": "556000000",
            "incomeTaxExpense": "221000000",
            "interestAndDebtExpense": "102000000",
            "netIncomeFromContinuingOperations": "320000000",
            "comprehensiveIncomeNetOfTax": "173000000",
            "ebit": "658000000",
            "ebitda": "None",
            "netIncome": "335000000"
        },
        {
            "fiscalDateEnding": "2017-09-30",
            "reportedCurrency": "USD",
            "grossProfit": "390000000",
            "totalRevenue": "1370000000",
            "costOfRevenue": "980000000",
            "costofGoodsAndServicesSold": "18000000",
            "operatingIncome": "-186000000",
            "sellingGeneralAndAdministrative": "574000000",
            "researchAndDevelopment": "None",
            "operatingExpenses": "576000000",
            "investmentIncomeNet": "None",
            "netInterestIncome": "897000000",
            "interestIncome": "994000000",
            "interestExpense": "97000000",
            "nonInterestIncome": "482000000",
            "otherNonOperatingIncome": "None",
            "depreciation": "18000000",
            "depreciationAndAmortization": "18000000",
            "incomeBeforeTax": "449000000",
            "incomeTaxExpense": "138000000",
            "interestAndDebtExpense": "97000000",
            "netIncomeFromContinuingOperations": "312000000",
            "comprehensiveIncomeNetOfTax": "336000000",
            "ebit": "546000000",
            "ebitda": "None",
            "netIncome": "311000000"
        },
        {
            "fiscalDateEnding": "2017-06-30",
            "reportedCurrency": "USD",
            "grossProfit": "417000000",
            "totalRevenue": "1392000000",
            "costOfRevenue": "975000000",
            "costofGoodsAndServicesSold": "18000000",
            "operatingIncome": "-176000000",
            "sellingGeneralAndAdministrative": "583000000",
            "researchAndDevelopment": "None",
            "operatingExpenses": "593000000",
            "investmentIncomeNet": "None",
            "netInterestIncome": "882000000",
            "interestIncome": "971000000",
            "interestExpense": "89000000",
            "nonInterestIncome": "490000000",
            "otherNonOperatingIncome": "None",
            "depreciation": "18000000",
            "depreciationAndAmortization": "18000000",
            "incomeBeforeTax": "449000000",
            "incomeTaxExpense": "133000000",
            "interestAndDebtExpense": "89000000",
            "netIncomeFromContinuingOperations": "316000000",
            "comprehensiveIncomeNetOfTax": "402000000",
            "ebit": "538000000",
            "ebitda": "None",
            "netIncome": "316000000"
        },
        {
            "fiscalDateEnding": "2017-03-31",
            "reportedCurrency": "USD",
            "grossProfit": "369000000",
            "totalRevenue": "1338000000",
            "costOfRevenue": "969000000",
            "costofGoodsAndServicesSold": "22000000",
            "operatingIncome": "-194000000",
            "sellingGeneralAndAdministrative": "563000000",
            "researchAndDevelopment": "None",
            "operatingExpenses": "563000000",
            "investmentIncomeNet": "None",
            "netInterestIncome": "859000000",
            "interestIncome": "944000000",
            "interestExpense": "85000000",
            "nonInterestIncome": "474000000",
            "otherNonOperatingIncome": "None",
            "depreciation": "22000000",
            "depreciationAndAmortization": "22000000",
            "incomeBeforeTax": "428000000",
            "incomeTaxExpense": "127000000",
            "interestAndDebtExpense": "85000000",
            "netIncomeFromContinuingOperations": "293000000",
            "comprehensiveIncomeNetOfTax": "286000000",
            "ebit": "513000000",
            "ebitda": "None",
            "netIncome": "301000000"
        }
    ]
}