{
    "symbol": "STT",
    "annualReports": [
        {
            "fiscalDateEnding": "2021-12-31",
            "reportedCurrency": "USD",
            "grossProfit": "3171000000",
            "totalRevenue": "12027000000",
            "costOfRevenue": "8856000000",
            "costofGoodsAndServicesSold": "1211000000",
            "operatingIncome": "-1902000000",
            "sellingGeneralAndAdministrative": "2524000000",
            "researchAndDevelopment": "None",
            "operatingExpenses": "4177000000",
            "investmentIncomeNet": "None",
            "netInterestIncome": "1905000000",
            "interestIncome": "1908000000",
            "interestExpense": "3000000",
            "nonInterestIncome": "10012000000",
            "otherNonOperatingIncome": "None",
            "depreciation": "None",
            "depreciationAndAmortization": "272000000",
            "incomeBeforeTax": "3171000000",
            "incomeTaxExpense": "478000000",
            "interestAndDebtExpense": "3000000",
            "netIncomeFromContinuingOperations": "2693000000",
            "comprehensiveIncomeNetOfTax": "1373000000",
            "ebit": "3174000000",
            "ebitda": "3446000000",
            "netIncome": "2693000000"
        },
        {
            "fiscalDateEnding": "2020-12-31",
            "reportedCurrency": "USD",
            "grossProfit": "2899000000",
            "totalRevenue": "11703000000",
            "costOfRevenue": "8804000000",
            "costofGoodsAndServicesSold": "None",
            "operatingIncome": "-2295000000",
            "sellingGeneralAndAdministrative": "2494000000",
            "researchAndDevelopment": "None",
            "operatingExpenses": "4229000000",
            "investmentIncomeNet": "None",
            "netInterestIncome": "2200000000",
            "interestIncome": "2575000000",
            "interestExpense": "375000000",
            "nonInterestIncome": "9499000000",
            "otherNonOperatingIncome": "None",
            "depreciation": "None",
            "depreciationAndAmortization": "254000000",
            "incomeBeforeTax": "2899000000",
            "incomeTaxExpense": "479000000",
            "interestAndDebtExpense": "375000000",
            "netIncomeFromContinuingOperations": "2420000000",
            "comprehensiveIncomeNetOfTax": "3483000000",
            "ebit": "3274000000",
            "ebitda": "3528000000",
            "netIncome": "2420000000"
        },
        {
            "fiscalDateEnding": "2019-12-31",
            "reportedCurrency": "USD",
            "grossProfit": "2712000000",
            "totalRevenue": "11756000000",
            "costOfRevenue": "9044000000",
            "costofGoodsAndServicesSold": "None",
            "operatingIncome": "-2855000000",
            "sellingGeneralAndAdministrative": "2389000000",
            "researchAndDevelopment": "None",
            "operatingExpenses": "4305000000",
            "investmentIncomeNet": "None",
            "netInterestIncome": "2566000000",
            "interestIncome": "3941000000",
            "interestExpense": "1375000000",
            "nonInterestIncome": "9147000000",
            "otherNonOperatingIncome": "None",
            "depreciation": "None",
            "depreciationAndAmortization": "257000000",
            "incomeBeforeTax": "2712000000",
            "incomeTaxExpense": "470000000",
            "interestAndDebtExpense": "1375000000",
            "netIncomeFromContinuingOperations": "2242000000",
            "comprehensiveIncomeNetOfTax": "2806000000",
            "ebit": "4087000000",
            "ebitda": "4344000000",
            "netIncome": "2242000000"
        },
        {
            "fiscalDateEnding": "2018-12-31",
            "reportedCurrency": "USD",
            "grossProfit": "2999000000",
            "totalRevenue": "12131000000",
            "costOfRevenue": "8983000000",
            "costofGoodsAndServicesSold": "1006000000",
            "operatingIncome": "-2254000000",
            "sellingGeneralAndAdministrative": "2470000000",
            "researchAndDevelopment": "None",
            "operatingExpenses": "4077000000",
            "investmentIncomeNet": "None",
            "netInterestIncome": "2671000000",
            "interestIncome": "3662000000",
            "interestExpense": "991000000",
            "nonInterestIncome": "9454000000",
            "otherNonOperatingIncome": "None",
            "depreciation": "599000000",
            "depreciationAndAmortization": "226000000",
            "incomeBeforeTax": "3101000000",
            "incomeTaxExpense": "508000000",
            "interestAndDebtExpense": "991000000",
            "netIncomeFromContinuingOperations": "2599000000",
            "comprehensiveIncomeNetOfTax": "2246000000",
            "ebit": "4092000000",
            "ebitda": "4318000000",
            "netIncome": "2593000000"
        },
        {
            "fiscalDateEnding": "2017-12-31",
            "reportedCurrency": "USD",
            "grossProfit": "2899000000",
            "totalRevenue": "11266000000",
            "costOfRevenue": "8271000000",
            "costofGoodsAndServicesSold": "606000000",
            "operatingIncome": "-5538000000",
            "sellingGeneralAndAdministrative": "6318000000",
            "researchAndDevelopment": "None",
            "operatingExpenses": "7848000000",
            "investmentIncomeNet": "None",
            "netInterestIncome": "2304000000",
            "interestIncome": "2908000000",
            "interestExpense": "604000000",
            "nonInterestIncome": "9001000000",
            "otherNonOperatingIncome": "None",
            "depreciation": "526000000",
            "depreciationAndAmortization": "214000000",
            "incomeBeforeTax": "2995000000",
            "incomeTaxExpense": "839000000",
            "interestAndDebtExpense": "604000000",
            "netIncomeFromContinuingOperations": "2177000000",
            "comprehensiveIncomeNetOfTax": "3187000000",
            "ebit": "3599000000",
            "ebitda": "3813000000",
            "netIncome": "2156000000"
        }
    ],
    "quarterlyReports": [
        {
            "fiscalDateEnding": "2021-12-31",
            "reportedCurrency": "USD",
            "grossProfit": "730000000",
            "totalRevenue": "3053000000",
            "costOfRevenue": "2323000000",
            "costofGoodsAndServicesSold": "1211000000",
            "operatingIncome": "-1330000000",
            "sellingGeneralAndAdministrative": "687000000",
            "researchAndDevelopment": "None",
            "operatingExpenses": "1112000000",
            "investmentIncomeNet": "None",
            "netInterestIncome": "484000000",
            "interestIncome": "483000000",
            "interestExpense": "-1000000",
            "nonInterestIncome": "2511000000",
            "otherNonOperatingIncome": "None",
            "depreciation": "None",
            "depreciationAndAmortization": "89000000",
            "incomeBeforeTax": "730000000",
            "incomeTaxExpense": "33000000",
            "interestAndDebtExpense": "-1000000",
            "netIncomeFromContinuingOperations": "697000000",
            "comprehensiveIncomeNetOfTax": "246000000",
            "ebit": "729000000",
            "ebitda": "818000000",
            "netIncome": "697000000"
        },
        {
            "fiscalDateEnding": "2021-09-30",
            "reportedCurrency": "USD",
            "grossProfit": "876000000",
            "totalRevenue": "2990000000",
            "costOfRevenue": "2114000000",
            "costofGoodsAndServicesSold": "None",
            "operatingIncome": "-142000000",
            "sellingGeneralAndAdministrative": "615000000",
            "researchAndDevelopment": "None",
            "operatingExpenses": "1017000000",
            "investmentIncomeNet": "None",
            "netInterestIncome": "487000000",
            "interestIncome": "487000000",
            "interestExpense": "0",
            "nonInterestIncome": "2504000000",
            "otherNonOperatingIncome": "None",
            "depreciation": "None",
            "depreciationAndAmortization": "62000000",
            "incomeBeforeTax": "876000000",
            "incomeTaxExpense": "162000000",
            "interestAndDebtExpense": "0",
            "netIncomeFromContinuingOperations": "714000000",
            "comprehensiveIncomeNetOfTax": "454000000",
            "ebit": "876000000",
            "ebitda": "938000000",
            "netIncome": "714000000"
        },
        {
            "fiscalDateEnding": "2021-06-30",
            "reportedCurrency": "USD",
            "grossProfit": "938000000",
            "totalRevenue": "3034000000",
            "costOfRevenue": "2096000000",
            "costofGoodsAndServicesSold": "None",
            "operatingIncome": "-261000000",
            "sellingGeneralAndAdministrative": "592000000",
            "researchAndDevelopment": "None",
            "operatingExpenses": "1000000000",
            "investmentIncomeNet": "None",
            "netInterestIncome": "467000000",
            "interestIncome": "467000000",
            "interestExpense": "0",
            "nonInterestIncome": "2514000000",
            "otherNonOperatingIncome": "None",
            "depreciation": "None",
            "depreciationAndAmortization": "63000000",
            "incomeBeforeTax": "938000000",
            "incomeTaxExpense": "175000000",
            "interestAndDebtExpense": "0",
            "netIncomeFromContinuingOperations": "763000000",
            "comprehensiveIncomeNetOfTax": "759000000",
            "ebit": "938000000",
            "ebitda": "1001000000",
            "netIncome": "763000000"
        },
        {
            "fiscalDateEnding": "2021-03-31",
            "reportedCurrency": "USD",
            "grossProfit": "627000000",
            "totalRevenue": "2950000000",
            "costOfRevenue": "2323000000",
            "costofGoodsAndServicesSold": "None",
            "operatingIncome": "-645000000",
            "sellingGeneralAndAdministrative": "630000000",
            "researchAndDevelopment": "None",
            "operatingExpenses": "1050000000",
            "investmentIncomeNet": "None",
            "netInterestIncome": "467000000",
            "interestIncome": "471000000",
            "interestExpense": "4000000",
            "nonInterestIncome": "2483000000",
            "otherNonOperatingIncome": "None",
            "depreciation": "None",
            "depreciationAndAmortization": "58000000",
            "incomeBeforeTax": "627000000",
            "incomeTaxExpense": "108000000",
            "interestAndDebtExpense": "4000000",
            "netIncomeFromContinuingOperations": "519000000",
            "comprehensiveIncomeNetOfTax": "-86000000",
            "ebit": "631000000",
            "ebitda": "689000000",
            "netIncome": "519000000"
        },
        {
            "fiscalDateEnding": "2020-12-31",
            "reportedCurrency": "USD",
            "grossProfit": "641000000",
            "totalRevenue": "2917000000",
            "costOfRevenue": "2276000000",
            "costofGoodsAndServicesSold": "None",
            "operatingIncome": "-870000000",
            "sellingGeneralAndAdministrative": "690000000",
            "researchAndDevelopment": "None",
            "operatingExpenses": "1248000000",
            "investmentIncomeNet": "None",
            "netInterestIncome": "499000000",
            "interestIncome": "513000000",
            "interestExpense": "14000000",
            "nonInterestIncome": "2416000000",
            "otherNonOperatingIncome": "None",
            "depreciation": "None",
            "depreciationAndAmortization": "79000000",
            "incomeBeforeTax": "641000000",
            "incomeTaxExpense": "104000000",
            "interestAndDebtExpense": "14000000",
            "netIncomeFromContinuingOperations": "537000000",
            "comprehensiveIncomeNetOfTax": "835000000",
            "ebit": "655000000",
            "ebitda": "734000000",
            "netIncome": "537000000"
        },
        {
            "fiscalDateEnding": "2020-09-30",
            "reportedCurrency": "USD",
            "grossProfit": "681000000",
            "totalRevenue": "2784000000",
            "costOfRevenue": "2103000000",
            "costofGoodsAndServicesSold": "None",
            "operatingIncome": "-546000000",
            "sellingGeneralAndAdministrative": "615000000",
            "researchAndDevelopment": "None",
            "operatingExpenses": "998000000",
            "investmentIncomeNet": "None",
            "netInterestIncome": "478000000",
            "interestIncome": "520000000",
            "interestExpense": "42000000",
            "nonInterestIncome": "2306000000",
            "otherNonOperatingIncome": "None",
            "depreciation": "None",
            "depreciationAndAmortization": "59000000",
            "incomeBeforeTax": "681000000",
            "incomeTaxExpense": "126000000",
            "interestAndDebtExpense": "42000000",
            "netIncomeFromContinuingOperations": "555000000",
            "comprehensiveIncomeNetOfTax": "874000000",
            "ebit": "723000000",
            "ebitda": "782000000",
            "netIncome": "555000000"
        },
        {
            "fiscalDateEnding": "2020-06-30",
            "reportedCurrency": "USD",
            "grossProfit": "803000000",
            "totalRevenue": "2937000000",
            "costOfRevenue": "2134000000",
            "costofGoodsAndServicesSold": "None",
            "operatingIncome": "-423000000",
            "sellingGeneralAndAdministrative": "591000000",
            "researchAndDevelopment": "None",
            "operatingExpenses": "983000000",
            "investmentIncomeNet": "None",
            "netInterestIncome": "559000000",
            "interestIncome": "674000000",
            "interestExpense": "115000000",
            "nonInterestIncome": "2378000000",
            "otherNonOperatingIncome": "None",
            "depreciation": "None",
            "depreciationAndAmortization": "58000000",
            "incomeBeforeTax": "803000000",
            "incomeTaxExpense": "109000000",
            "interestAndDebtExpense": "115000000",
            "netIncomeFromContinuingOperations": "694000000",
            "comprehensiveIncomeNetOfTax": "1184000000",
            "ebit": "918000000",
            "ebitda": "976000000",
            "netIncome": "694000000"
        },
        {
            "fiscalDateEnding": "2020-03-31",
            "reportedCurrency": "USD",
            "grossProfit": "774000000",
            "totalRevenue": "3065000000",
            "costOfRevenue": "2291000000",
            "costofGoodsAndServicesSold": "None",
            "operatingIncome": "-456000000",
            "sellingGeneralAndAdministrative": "598000000",
            "researchAndDevelopment": "None",
            "operatingExpenses": "1000000000",
            "investmentIncomeNet": "None",
            "netInterestIncome": "664000000",
            "interestIncome": "868000000",
            "interestExpense": "204000000",
            "nonInterestIncome": "2399000000",
            "otherNonOperatingIncome": "None",
            "depreciation": "None",
            "depreciationAndAmortization": "58000000",
            "incomeBeforeTax": "774000000",
            "incomeTaxExpense": "140000000",
            "interestAndDebtExpense": "204000000",
            "netIncomeFromContinuingOperations": "634000000",
            "comprehensiveIncomeNetOfTax": "590000000",
            "ebit": "978000000",
            "ebitda": "1036000000",
            "netIncome": "634000000"
        },
        {
            "fiscalDateEnding": "2019-12-31",
            "reportedCurrency": "USD",
            "grossProfit": "638000000",
            "totalRevenue": "3048000000",
            "costOfRevenue": "2410000000",
            "costofGoodsAndServicesSold": "None",
            "operatingIncome": "-997000000",
            "sellingGeneralAndAdministrative": "603000000",
            "researchAndDevelopment": "None",
            "operatingExpenses": "1190000000",
            "investmentIncomeNet": "None",
            "netInterestIncome": "636000000",
            "interestIncome": "906000000",
            "interestExpense": "270000000",
            "nonInterestIncome": "9148000000",
            "otherNonOperatingIncome": "None",
            "depreciation": "None",
            "depreciationAndAmortization": "63000000",
            "incomeBeforeTax": "638000000",
            "incomeTaxExpense": "74000000",
            "interestAndDebtExpense": "270000000",
            "netIncomeFromContinuingOperations": "564000000",
            "comprehensiveIncomeNetOfTax": "673000000",
            "ebit": "908000000",
            "ebitda": "971000000",
            "netIncome": "564000000"
        },
        {
            "fiscalDateEnding": "2019-09-30",
            "reportedCurrency": "USD",
            "grossProfit": "721000000",
            "totalRevenue": "2903000000",
            "costOfRevenue": "2182000000",
            "costofGoodsAndServicesSold": "None",
            "operatingIncome": "-595000000",
            "sellingGeneralAndAdministrative": "595000000",
            "researchAndDevelopment": "None",
            "operatingExpenses": "1048000000",
            "investmentIncomeNet": "None",
            "netInterestIncome": "644000000",
            "interestIncome": "1001000000",
            "interestExpense": "357000000",
            "nonInterestIncome": "0",
            "otherNonOperatingIncome": "None",
            "depreciation": "None",
            "depreciationAndAmortization": "64000000",
            "incomeBeforeTax": "721000000",
            "incomeTaxExpense": "138000000",
            "interestAndDebtExpense": "357000000",
            "netIncomeFromContinuingOperations": "583000000",
            "comprehensiveIncomeNetOfTax": "472000000",
            "ebit": "1078000000",
            "ebitda": "1142000000",
            "netIncome": "583000000"
        },
        {
            "fiscalDateEnding": "2019-06-30",
            "reportedCurrency": "USD",
            "grossProfit": "718000000",
            "totalRevenue": "2873000000",
            "costOfRevenue": "2155000000",
            "costofGoodsAndServicesSold": "None",
            "operatingIncome": "-594000000",
            "sellingGeneralAndAdministrative": "609000000",
            "researchAndDevelopment": "None",
            "operatingExpenses": "1038000000",
            "investmentIncomeNet": "None",
            "netInterestIncome": "613000000",
            "interestIncome": "1007000000",
            "interestExpense": "394000000",
            "nonInterestIncome": "0",
            "otherNonOperatingIncome": "None",
            "depreciation": "None",
            "depreciationAndAmortization": "65000000",
            "incomeBeforeTax": "718000000",
            "incomeTaxExpense": "131000000",
            "interestAndDebtExpense": "394000000",
            "netIncomeFromContinuingOperations": "587000000",
            "comprehensiveIncomeNetOfTax": "893000000",
            "ebit": "1112000000",
            "ebitda": "1177000000",
            "netIncome": "587000000"
        },
        {
            "fiscalDateEnding": "2019-03-31",
            "reportedCurrency": "USD",
            "grossProfit": "636000000",
            "totalRevenue": "2932000000",
            "costOfRevenue": "2296000000",
            "costofGoodsAndServicesSold": "None",
            "operatingIncome": "-665000000",
            "sellingGeneralAndAdministrative": "607000000",
            "researchAndDevelopment": "None",
            "operatingExpenses": "1026000000",
            "investmentIncomeNet": "None",
            "netInterestIncome": "673000000",
            "interestIncome": "1027000000",
            "interestExpense": "354000000",
            "nonInterestIncome": "-1000000",
            "otherNonOperatingIncome": "None",
            "depreciation": "None",
            "depreciationAndAmortization": "60000000",
            "incomeBeforeTax": "635000000",
            "incomeTaxExpense": "127000000",
            "interestAndDebtExpense": "354000000",
            "netIncomeFromContinuingOperations": "508000000",
            "comprehensiveIncomeNetOfTax": "768000000",
            "ebit": "989000000",
            "ebitda": "1049000000",
            "netIncome": "508000000"
        },
        {
            "fiscalDateEnding": "2018-12-31",
            "reportedCurrency": "USD",
            "grossProfit": "504000000",
            "totalRevenue": "3023000000",
            "costOfRevenue": "2482000000",
            "costofGoodsAndServicesSold": "293000000",
            "operatingIncome": "2193000000",
            "sellingGeneralAndAdministrative": "-2739000000",
            "researchAndDevelopment": "None",
            "operatingExpenses": "-2286000000",
            "investmentIncomeNet": "None",
            "netInterestIncome": "697000000",
            "interestIncome": "982000000",
            "interestExpense": "285000000",
            "nonInterestIncome": "2326000000",
            "otherNonOperatingIncome": "None",
            "depreciation": "None",
            "depreciationAndAmortization": "81000000",
            "incomeBeforeTax": "529000000",
            "incomeTaxExpense": "92000000",
            "interestAndDebtExpense": "285000000",
            "netIncomeFromContinuingOperations": "439000000",
            "comprehensiveIncomeNetOfTax": "792000000",
            "ebit": "814000000",
            "ebitda": "895000000",
            "netIncome": "437000000"
        },
        {
            "fiscalDateEnding": "2018-09-30",
            "reportedCurrency": "USD",
            "grossProfit": "867000000",
            "totalRevenue": "2989000000",
            "costOfRevenue": "2084000000",
            "costofGoodsAndServicesSold": "249000000",
            "operatingIncome": "-1355000000",
            "sellingGeneralAndAdministrative": "1668000000",
            "researchAndDevelopment": "None",
            "operatingExpenses": "2050000000",
            "investmentIncomeNet": "None",
            "netInterestIncome": "672000000",
            "interestIncome": "916000000",
            "interestExpense": "244000000",
            "nonInterestIncome": "2318000000",
            "otherNonOperatingIncome": "None",
            "depreciation": "None",
            "depreciationAndAmortization": "47000000",
            "incomeBeforeTax": "893000000",
            "incomeTaxExpense": "129000000",
            "interestAndDebtExpense": "244000000",
            "netIncomeFromContinuingOperations": "765000000",
            "comprehensiveIncomeNetOfTax": "541000000",
            "ebit": "1137000000",
            "ebitda": "1184000000",
            "netIncome": "764000000"
        },
        {
            "fiscalDateEnding": "2018-06-30",
            "reportedCurrency": "USD",
            "grossProfit": "865000000",
            "totalRevenue": "3063000000",
            "costOfRevenue": "2161000000",
            "costofGoodsAndServicesSold": "250000000",
            "operatingIncome": "-1444000000",
            "sellingGeneralAndAdministrative": "1720000000",
            "researchAndDevelopment": "None",
            "operatingExpenses": "2103000000",
            "investmentIncomeNet": "None",
            "netInterestIncome": "659000000",
            "interestIncome": "907000000",
            "interestExpense": "248000000",
            "nonInterestIncome": "2395000000",
            "otherNonOperatingIncome": "None",
            "depreciation": "None",
            "depreciationAndAmortization": "48000000",
            "incomeBeforeTax": "891000000",
            "incomeTaxExpense": "158000000",
            "interestAndDebtExpense": "248000000",
            "netIncomeFromContinuingOperations": "734000000",
            "comprehensiveIncomeNetOfTax": "319000000",
            "ebit": "1139000000",
            "ebitda": "1187000000",
            "netIncome": "733000000"
        },
        {
            "fiscalDateEnding": "2018-03-31",
            "reportedCurrency": "USD",
            "grossProfit": "763000000",
            "totalRevenue": "3056000000",
            "costOfRevenue": "2256000000",
            "costofGoodsAndServicesSold": "214000000",
            "operatingIncome": "-1656000000",
            "sellingGeneralAndAdministrative": "1795000000",
            "researchAndDevelopment": "None",
            "operatingExpenses": "2218000000",
            "investmentIncomeNet": "None",
            "netInterestIncome": "643000000",
            "interestIncome": "857000000",
            "interestExpense": "214000000",
            "nonInterestIncome": "2415000000",
            "otherNonOperatingIncome": "None",
            "depreciation": "None",
            "depreciationAndAmortization": "50000000",
            "incomeBeforeTax": "788000000",
            "incomeTaxExpense": "129000000",
            "interestAndDebtExpense": "199000000",
            "netIncomeFromContinuingOperations": "661000000",
            "comprehensiveIncomeNetOfTax": "594000000",
            "ebit": "1002000000",
            "ebitda": "1052000000",
            "netIncome": "659000000"
        },
        {
            "fiscalDateEnding": "2017-12-31",
            "reportedCurrency": "USD",
            "grossProfit": "717000000",
            "totalRevenue": "2942000000",
            "costOfRevenue": "2129000000",
            "costofGoodsAndServicesSold": "179000000",
            "operatingIncome": "-1258000000",
            "sellingGeneralAndAdministrative": "1435000000",
            "researchAndDevelopment": "None",
            "operatingExpenses": "1813000000",
            "investmentIncomeNet": "None",
            "netInterestIncome": "616000000",
            "interestIncome": "797000000",
            "interestExpense": "181000000",
            "nonInterestIncome": "2326000000",
            "otherNonOperatingIncome": "None",
            "depreciation": "None",
            "depreciationAndAmortization": "54000000",
            "incomeBeforeTax": "813000000",
            "incomeTaxExpense": "464000000",
            "interestAndDebtExpense": "181000000",
            "netIncomeFromContinuingOperations": "370000000",
            "comprehensiveIncomeNetOfTax": "324000000",
            "ebit": "994000000",
            "ebitda": "1048000000",
            "netIncome": "349000000"
        },
        {
            "fiscalDateEnding": "2017-09-30",
            "reportedCurrency": "USD",
            "grossProfit": "822000000",
            "totalRevenue": "2846000000",
            "costOfRevenue": "2024000000",
            "costofGoodsAndServicesSold": "161000000",
            "operatingIncome": "-1312000000",
            "sellingGeneralAndAdministrative": "1602000000",
            "researchAndDevelopment": "None",
            "operatingExpenses": "1990000000",
            "investmentIncomeNet": "None",
            "netInterestIncome": "603000000",
            "interestIncome": "761000000",
            "interestExpense": "158000000",
            "nonInterestIncome": "2242000000",
            "otherNonOperatingIncome": "None",
            "depreciation": "None",
            "depreciationAndAmortization": "54000000",
            "incomeBeforeTax": "822000000",
            "incomeTaxExpense": "137000000",
            "interestAndDebtExpense": "158000000",
            "netIncomeFromContinuingOperations": "685000000",
            "comprehensiveIncomeNetOfTax": "971000000",
            "ebit": "980000000",
            "ebitda": "1034000000",
            "netIncome": "685000000"
        },
        {
            "fiscalDateEnding": "2017-06-30",
            "reportedCurrency": "USD",
            "grossProfit": "776000000",
            "totalRevenue": "2810000000",
            "costOfRevenue": "2034000000",
            "costofGoodsAndServicesSold": "128000000",
            "operatingIncome": "-1377000000",
            "sellingGeneralAndAdministrative": "1595000000",
            "researchAndDevelopment": "None",
            "operatingExpenses": "2021000000",
            "investmentIncomeNet": "None",
            "netInterestIncome": "575000000",
            "interestIncome": "700000000",
            "interestExpense": "125000000",
            "nonInterestIncome": "2235000000",
            "otherNonOperatingIncome": "None",
            "depreciation": "None",
            "depreciationAndAmortization": "54000000",
            "incomeBeforeTax": "776000000",
            "incomeTaxExpense": "156000000",
            "interestAndDebtExpense": "125000000",
            "netIncomeFromContinuingOperations": "620000000",
            "comprehensiveIncomeNetOfTax": "1155000000",
            "ebit": "901000000",
            "ebitda": "955000000",
            "netIncome": "620000000"
        },
        {
            "fiscalDateEnding": "2017-03-31",
            "reportedCurrency": "USD",
            "grossProfit": "584000000",
            "totalRevenue": "2668000000",
            "costOfRevenue": "2084000000",
            "costofGoodsAndServicesSold": "138000000",
            "operatingIncome": "-1617000000",
            "sellingGeneralAndAdministrative": "1687000000",
            "researchAndDevelopment": "None",
            "operatingExpenses": "2050000000",
            "investmentIncomeNet": "None",
            "netInterestIncome": "510000000",
            "interestIncome": "650000000",
            "interestExpense": "140000000",
            "nonInterestIncome": "2198000000",
            "otherNonOperatingIncome": "None",
            "depreciation": "None",
            "depreciationAndAmortization": "52000000",
            "incomeBeforeTax": "584000000",
            "incomeTaxExpense": "82000000",
            "interestAndDebtExpense": "140000000",
            "netIncomeFromContinuingOperations": "502000000",
            "comprehensiveIncomeNetOfTax": "737000000",
            "ebit": "724000000",
            "ebitda": "776000000",
            "netIncome": "502000000"
        }
    ]
}