{
    "symbol": "WM",
    "annualReports": [
        {
            "fiscalDateEnding": "2021-12-31",
            "reportedCurrency": "USD",
            "grossProfit": "4103000000",
            "totalRevenue": "17348000000",
            "costOfRevenue": "13245000000",
            "costofGoodsAndServicesSold": "11111000000",
            "operatingIncome": "2965000000",
            "sellingGeneralAndAdministrative": "1864000000",
            "researchAndDevelopment": "None",
            "operatingExpenses": "2125000000",
            "investmentIncomeNet": "None",
            "netInterestIncome": "-388000000",
            "interestIncome": "-401000000",
            "interestExpense": "388000000",
            "nonInterestIncome": "17736000000",
            "otherNonOperatingIncome": "5000000",
            "depreciation": "None",
            "depreciationAndAmortization": "143000000",
            "incomeBeforeTax": "2348000000",
            "incomeTaxExpense": "532000000",
            "interestAndDebtExpense": "608000000",
            "netIncomeFromContinuingOperations": "1817000000",
            "comprehensiveIncomeNetOfTax": "1794000000",
            "ebit": "2965000000",
            "ebitda": "2879000000",
            "netIncome": "1816000000"
        },
        {
            "fiscalDateEnding": "2020-12-31",
            "reportedCurrency": "USD",
            "grossProfit": "3345000000",
            "totalRevenue": "14701000000",
            "costOfRevenue": "11356000000",
            "costofGoodsAndServicesSold": "9341000000",
            "operatingIncome": "2434000000",
            "sellingGeneralAndAdministrative": "1728000000",
            "researchAndDevelopment": "None",
            "operatingExpenses": "2033000000",
            "investmentIncomeNet": "None",
            "netInterestIncome": "-473000000",
            "interestIncome": "-486000000",
            "interestExpense": "473000000",
            "nonInterestIncome": "15174000000",
            "otherNonOperatingIncome": "5000000",
            "depreciation": "None",
            "depreciationAndAmortization": "107000000",
            "incomeBeforeTax": "1893000000",
            "incomeTaxExpense": "397000000",
            "interestAndDebtExpense": "526000000",
            "netIncomeFromContinuingOperations": "1496000000",
            "comprehensiveIncomeNetOfTax": "1543000000",
            "ebit": "2434000000",
            "ebitda": "2473000000",
            "netIncome": "1496000000"
        },
        {
            "fiscalDateEnding": "2019-12-31",
            "reportedCurrency": "USD",
            "grossProfit": "3533000000",
            "totalRevenue": "14912000000",
            "costOfRevenue": "11379000000",
            "costofGoodsAndServicesSold": "9496000000",
            "operatingIncome": "2706000000",
            "sellingGeneralAndAdministrative": "1631000000",
            "researchAndDevelopment": "None",
            "operatingExpenses": "1895000000",
            "investmentIncomeNet": "None",
            "netInterestIncome": "-485000000",
            "interestIncome": "-466000000",
            "interestExpense": "485000000",
            "nonInterestIncome": "15397000000",
            "otherNonOperatingIncome": "-50000000",
            "depreciation": "None",
            "depreciationAndAmortization": "106000000",
            "incomeBeforeTax": "2104000000",
            "incomeTaxExpense": "434000000",
            "interestAndDebtExpense": "570000000",
            "netIncomeFromContinuingOperations": "1671000000",
            "comprehensiveIncomeNetOfTax": "1749000000",
            "ebit": "2706000000",
            "ebitda": "2695000000",
            "netIncome": "1670000000"
        },
        {
            "fiscalDateEnding": "2018-12-31",
            "reportedCurrency": "USD",
            "grossProfit": "3621000000",
            "totalRevenue": "14561000000",
            "costOfRevenue": "10940000000",
            "costofGoodsAndServicesSold": "9249000000",
            "operatingIncome": "2789000000",
            "sellingGeneralAndAdministrative": "1453000000",
            "researchAndDevelopment": "None",
            "operatingExpenses": "1649000000",
            "investmentIncomeNet": "None",
            "netInterestIncome": "-400000000",
            "interestIncome": "-415000000",
            "interestExpense": "400000000",
            "nonInterestIncome": "14961000000",
            "otherNonOperatingIncome": "2000000",
            "depreciation": "None",
            "depreciationAndAmortization": "101000000",
            "incomeBeforeTax": "2378000000",
            "incomeTaxExpense": "453000000",
            "interestAndDebtExpense": "400000000",
            "netIncomeFromContinuingOperations": "1923000000",
            "comprehensiveIncomeNetOfTax": "1835000000",
            "ebit": "2789000000",
            "ebitda": "2879000000",
            "netIncome": "1925000000"
        },
        {
            "fiscalDateEnding": "2017-12-31",
            "reportedCurrency": "USD",
            "grossProfit": "3767000000",
            "totalRevenue": "14485000000",
            "costOfRevenue": "10718000000",
            "costofGoodsAndServicesSold": "9021000000",
            "operatingIncome": "2636000000",
            "sellingGeneralAndAdministrative": "1468000000",
            "researchAndDevelopment": "None",
            "operatingExpenses": "1702000000",
            "investmentIncomeNet": "None",
            "netInterestIncome": "-383000000",
            "interestIncome": "-431000000",
            "interestExpense": "383000000",
            "nonInterestIncome": "14000000",
            "otherNonOperatingIncome": "-8000000",
            "depreciation": "None",
            "depreciationAndAmortization": "96000000",
            "incomeBeforeTax": "2191000000",
            "incomeTaxExpense": "242000000",
            "interestAndDebtExpense": "389000000",
            "netIncomeFromContinuingOperations": "1949000000",
            "comprehensiveIncomeNetOfTax": "2037000000",
            "ebit": "2636000000",
            "ebitda": "2670000000",
            "netIncome": "1949000000"
        }
    ],
    "quarterlyReports": [
        {
            "fiscalDateEnding": "2021-12-31",
            "reportedCurrency": "USD",
            "grossProfit": "670000000",
            "totalRevenue": "4299000000",
            "costOfRevenue": "3629000000",
            "costofGoodsAndServicesSold": "2955000000",
            "operatingIncome": "718000000",
            "sellingGeneralAndAdministrative": "492000000",
            "researchAndDevelopment": "None",
            "operatingExpenses": "681000000",
            "investmentIncomeNet": "None",
            "netInterestIncome": "-83000000",
            "interestIncome": "-85000000",
            "interestExpense": "-83000000",
            "nonInterestIncome": "4687000000",
            "otherNonOperatingIncome": "9000000",
            "depreciation": "None",
            "depreciationAndAmortization": "510000000",
            "incomeBeforeTax": "642000000",
            "incomeTaxExpense": "136000000",
            "interestAndDebtExpense": "388000000",
            "netIncomeFromContinuingOperations": "506000000",
            "comprehensiveIncomeNetOfTax": "511000000",
            "ebit": "718000000",
            "ebitda": "1069000000",
            "netIncome": "506000000"
        },
        {
            "fiscalDateEnding": "2021-09-30",
            "reportedCurrency": "USD",
            "grossProfit": "1289000000",
            "totalRevenue": "4665000000",
            "costOfRevenue": "3376000000",
            "costofGoodsAndServicesSold": "2906000000",
            "operatingIncome": "806000000",
            "sellingGeneralAndAdministrative": "469000000",
            "researchAndDevelopment": "None",
            "operatingExpenses": "435000000",
            "investmentIncomeNet": "None",
            "netInterestIncome": "-87000000",
            "interestIncome": "-101000000",
            "interestExpense": "87000000",
            "nonInterestIncome": "4665000000",
            "otherNonOperatingIncome": "1000000",
            "depreciation": "None",
            "depreciationAndAmortization": "517000000",
            "incomeBeforeTax": "705000000",
            "incomeTaxExpense": "167000000",
            "interestAndDebtExpense": "0",
            "netIncomeFromContinuingOperations": "539000000",
            "comprehensiveIncomeNetOfTax": "480000000",
            "ebit": "806000000",
            "ebitda": "1309000000",
            "netIncome": "538000000"
        },
        {
            "fiscalDateEnding": "2021-06-30",
            "reportedCurrency": "USD",
            "grossProfit": "1071000000",
            "totalRevenue": "4256000000",
            "costOfRevenue": "3185000000",
            "costofGoodsAndServicesSold": "2736000000",
            "operatingIncome": "791000000",
            "sellingGeneralAndAdministrative": "445000000",
            "researchAndDevelopment": "None",
            "operatingExpenses": "449000000",
            "investmentIncomeNet": "None",
            "netInterestIncome": "-98000000",
            "interestIncome": "-109000000",
            "interestExpense": "98000000",
            "nonInterestIncome": "4256000000",
            "otherNonOperatingIncome": "-6000000",
            "depreciation": "None",
            "depreciationAndAmortization": "500000000",
            "incomeBeforeTax": "456000000",
            "incomeTaxExpense": "105000000",
            "interestAndDebtExpense": "220000000",
            "netIncomeFromContinuingOperations": "351000000",
            "comprehensiveIncomeNetOfTax": "373000000",
            "ebit": "791000000",
            "ebitda": "1054000000",
            "netIncome": "351000000"
        },
        {
            "fiscalDateEnding": "2021-03-31",
            "reportedCurrency": "USD",
            "grossProfit": "1116000000",
            "totalRevenue": "4121000000",
            "costOfRevenue": "3005000000",
            "costofGoodsAndServicesSold": "2514000000",
            "operatingIncome": "650000000",
            "sellingGeneralAndAdministrative": "458000000",
            "researchAndDevelopment": "None",
            "operatingExpenses": "483000000",
            "investmentIncomeNet": "None",
            "netInterestIncome": "-97000000",
            "interestIncome": "-106000000",
            "interestExpense": "97000000",
            "nonInterestIncome": "4121000000",
            "otherNonOperatingIncome": "1000000",
            "depreciation": "None",
            "depreciationAndAmortization": "472000000",
            "incomeBeforeTax": "545000000",
            "incomeTaxExpense": "124000000",
            "interestAndDebtExpense": "0",
            "netIncomeFromContinuingOperations": "421000000",
            "comprehensiveIncomeNetOfTax": "430000000",
            "ebit": "650000000",
            "ebitda": "1114000000",
            "netIncome": "421000000"
        },
        {
            "fiscalDateEnding": "2020-12-31",
            "reportedCurrency": "USD",
            "grossProfit": "379000000",
            "totalRevenue": "3592000000",
            "costOfRevenue": "3213000000",
            "costofGoodsAndServicesSold": "2500000000",
            "operatingIncome": "654000000",
            "sellingGeneralAndAdministrative": "510000000",
            "researchAndDevelopment": "None",
            "operatingExpenses": "701000000",
            "investmentIncomeNet": "None",
            "netInterestIncome": "-97000000",
            "interestIncome": "-109000000",
            "interestExpense": "97000000",
            "nonInterestIncome": "4065000000",
            "otherNonOperatingIncome": "3000000",
            "depreciation": "None",
            "depreciationAndAmortization": "436000000",
            "incomeBeforeTax": "547000000",
            "incomeTaxExpense": "109000000",
            "interestAndDebtExpense": "474000000",
            "netIncomeFromContinuingOperations": "438000000",
            "comprehensiveIncomeNetOfTax": "493000000",
            "ebit": "654000000",
            "ebitda": "1080000000",
            "netIncome": "438000000"
        },
        {
            "fiscalDateEnding": "2020-09-30",
            "reportedCurrency": "USD",
            "grossProfit": "1054000000",
            "totalRevenue": "3809000000",
            "costOfRevenue": "2755000000",
            "costofGoodsAndServicesSold": "2332000000",
            "operatingIncome": "680000000",
            "sellingGeneralAndAdministrative": "416000000",
            "researchAndDevelopment": "None",
            "operatingExpenses": "423000000",
            "investmentIncomeNet": "None",
            "netInterestIncome": "-97000000",
            "interestIncome": "-113000000",
            "interestExpense": "97000000",
            "nonInterestIncome": "3809000000",
            "otherNonOperatingIncome": "1000000",
            "depreciation": "None",
            "depreciationAndAmortization": "395000000",
            "incomeBeforeTax": "516000000",
            "incomeTaxExpense": "126000000",
            "interestAndDebtExpense": "52000000",
            "netIncomeFromContinuingOperations": "390000000",
            "comprehensiveIncomeNetOfTax": "415000000",
            "ebit": "680000000",
            "ebitda": "1008000000",
            "netIncome": "390000000"
        },
        {
            "fiscalDateEnding": "2020-06-30",
            "reportedCurrency": "USD",
            "grossProfit": "941000000",
            "totalRevenue": "3561000000",
            "costOfRevenue": "2620000000",
            "costofGoodsAndServicesSold": "2180000000",
            "operatingIncome": "527000000",
            "sellingGeneralAndAdministrative": "377000000",
            "researchAndDevelopment": "None",
            "operatingExpenses": "440000000",
            "investmentIncomeNet": "None",
            "netInterestIncome": "-119000000",
            "interestIncome": "-133000000",
            "interestExpense": "119000000",
            "nonInterestIncome": "3561000000",
            "otherNonOperatingIncome": "1000000",
            "depreciation": "None",
            "depreciationAndAmortization": "390000000",
            "incomeBeforeTax": "395000000",
            "incomeTaxExpense": "88000000",
            "interestAndDebtExpense": "None",
            "netIncomeFromContinuingOperations": "307000000",
            "comprehensiveIncomeNetOfTax": "357000000",
            "ebit": "527000000",
            "ebitda": "904000000",
            "netIncome": "307000000"
        },
        {
            "fiscalDateEnding": "2020-03-31",
            "reportedCurrency": "USD",
            "grossProfit": "954000000",
            "totalRevenue": "3732000000",
            "costOfRevenue": "2778000000",
            "costofGoodsAndServicesSold": "2329000000",
            "operatingIncome": "573000000",
            "sellingGeneralAndAdministrative": "425000000",
            "researchAndDevelopment": "None",
            "operatingExpenses": "460000000",
            "investmentIncomeNet": "None",
            "netInterestIncome": "-112000000",
            "interestIncome": "-131000000",
            "interestExpense": "112000000",
            "nonInterestIncome": "3732000000",
            "otherNonOperatingIncome": "0",
            "depreciation": "None",
            "depreciationAndAmortization": "378000000",
            "incomeBeforeTax": "435000000",
            "incomeTaxExpense": "74000000",
            "interestAndDebtExpense": "None",
            "netIncomeFromContinuingOperations": "361000000",
            "comprehensiveIncomeNetOfTax": "278000000",
            "ebit": "573000000",
            "ebitda": "925000000",
            "netIncome": "361000000"
        },
        {
            "fiscalDateEnding": "2019-12-31",
            "reportedCurrency": "USD",
            "grossProfit": "3809000000",
            "totalRevenue": "3846000000",
            "costOfRevenue": "37000000",
            "costofGoodsAndServicesSold": "2314000000",
            "operatingIncome": "655000000",
            "sellingGeneralAndAdministrative": "445000000",
            "researchAndDevelopment": "None",
            "operatingExpenses": "37000000",
            "investmentIncomeNet": "None",
            "netInterestIncome": "-110000000",
            "interestIncome": "-126000000",
            "interestExpense": "110000000",
            "nonInterestIncome": "3846000000",
            "otherNonOperatingIncome": "2000000",
            "depreciation": "None",
            "depreciationAndAmortization": "369000000",
            "incomeBeforeTax": "531000000",
            "incomeTaxExpense": "84000000",
            "interestAndDebtExpense": "485000000",
            "netIncomeFromContinuingOperations": "655000000",
            "comprehensiveIncomeNetOfTax": "472000000",
            "ebit": "655000000",
            "ebitda": "1010000000",
            "netIncome": "447000000"
        },
        {
            "fiscalDateEnding": "2019-09-30",
            "reportedCurrency": "USD",
            "grossProfit": "1138000000",
            "totalRevenue": "3966000000",
            "costOfRevenue": "2828000000",
            "costofGoodsAndServicesSold": "2441000000",
            "operatingIncome": "734000000",
            "sellingGeneralAndAdministrative": "386000000",
            "researchAndDevelopment": "None",
            "operatingExpenses": "387000000",
            "investmentIncomeNet": "None",
            "netInterestIncome": "-105000000",
            "interestIncome": "-119000000",
            "interestExpense": "105000000",
            "nonInterestIncome": "3966000000",
            "otherNonOperatingIncome": "1000000",
            "depreciation": "None",
            "depreciationAndAmortization": "377000000",
            "incomeBeforeTax": "615000000",
            "incomeTaxExpense": "120000000",
            "interestAndDebtExpense": "1000000",
            "netIncomeFromContinuingOperations": "495000000",
            "comprehensiveIncomeNetOfTax": "484000000",
            "ebit": "734000000",
            "ebitda": "1097000000",
            "netIncome": "495000000"
        },
        {
            "fiscalDateEnding": "2019-06-30",
            "reportedCurrency": "USD",
            "grossProfit": "1028000000",
            "totalRevenue": "3862000000",
            "costOfRevenue": "2834000000",
            "costofGoodsAndServicesSold": "2443000000",
            "operatingIncome": "696000000",
            "sellingGeneralAndAdministrative": "391000000",
            "researchAndDevelopment": "None",
            "operatingExpenses": "391000000",
            "investmentIncomeNet": "None",
            "netInterestIncome": "-100000000",
            "interestIncome": "-116000000",
            "interestExpense": "100000000",
            "nonInterestIncome": "3862000000",
            "otherNonOperatingIncome": "1000000",
            "depreciation": "None",
            "depreciationAndAmortization": "382000000",
            "incomeBeforeTax": "496000000",
            "incomeTaxExpense": "115000000",
            "interestAndDebtExpense": "84000000",
            "netIncomeFromContinuingOperations": "382000000",
            "comprehensiveIncomeNetOfTax": "412000000",
            "ebit": "696000000",
            "ebitda": "978000000",
            "netIncome": "381000000"
        },
        {
            "fiscalDateEnding": "2019-03-31",
            "reportedCurrency": "USD",
            "grossProfit": "966000000",
            "totalRevenue": "3698000000",
            "costOfRevenue": "2732000000",
            "costofGoodsAndServicesSold": "2298000000",
            "operatingIncome": "621000000",
            "sellingGeneralAndAdministrative": "409000000",
            "researchAndDevelopment": "None",
            "operatingExpenses": "442000000",
            "investmentIncomeNet": "None",
            "netInterestIncome": "-96000000",
            "interestIncome": "-105000000",
            "interestExpense": "96000000",
            "nonInterestIncome": "3698000000",
            "otherNonOperatingIncome": "-54000000",
            "depreciation": "None",
            "depreciationAndAmortization": "340000000",
            "incomeBeforeTax": "462000000",
            "incomeTaxExpense": "115000000",
            "interestAndDebtExpense": "0",
            "netIncomeFromContinuingOperations": "347000000",
            "comprehensiveIncomeNetOfTax": "381000000",
            "ebit": "621000000",
            "ebitda": "898000000",
            "netIncome": "347000000"
        },
        {
            "fiscalDateEnding": "2018-12-31",
            "reportedCurrency": "USD",
            "grossProfit": "3834000000",
            "totalRevenue": "3842000000",
            "costOfRevenue": "8000000",
            "costofGoodsAndServicesSold": "2379000000",
            "operatingIncome": "767000000",
            "sellingGeneralAndAdministrative": "370000000",
            "researchAndDevelopment": "None",
            "operatingExpenses": "8000000",
            "investmentIncomeNet": "None",
            "netInterestIncome": "None",
            "interestIncome": "None",
            "interestExpense": "97000000",
            "nonInterestIncome": "3842000000",
            "otherNonOperatingIncome": "1000000",
            "depreciation": "None",
            "depreciationAndAmortization": "343000000",
            "incomeBeforeTax": "659000000",
            "incomeTaxExpense": "128000000",
            "interestAndDebtExpense": "None",
            "netIncomeFromContinuingOperations": "767000000",
            "comprehensiveIncomeNetOfTax": "460000000",
            "ebit": "767000000",
            "ebitda": "1099000000",
            "netIncome": "531000000"
        },
        {
            "fiscalDateEnding": "2018-09-30",
            "reportedCurrency": "USD",
            "grossProfit": "1103000000",
            "totalRevenue": "3822000000",
            "costOfRevenue": "2719000000",
            "costofGoodsAndServicesSold": "2373000000",
            "operatingIncome": "699000000",
            "sellingGeneralAndAdministrative": "345000000",
            "researchAndDevelopment": "None",
            "operatingExpenses": "346000000",
            "investmentIncomeNet": "None",
            "netInterestIncome": "None",
            "interestIncome": "None",
            "interestExpense": "93000000",
            "nonInterestIncome": "3822000000",
            "otherNonOperatingIncome": "0",
            "depreciation": "None",
            "depreciationAndAmortization": "351000000",
            "incomeBeforeTax": "598000000",
            "incomeTaxExpense": "99000000",
            "interestAndDebtExpense": "None",
            "netIncomeFromContinuingOperations": "498000000",
            "comprehensiveIncomeNetOfTax": "532000000",
            "ebit": "699000000",
            "ebitda": "1042000000",
            "netIncome": "499000000"
        },
        {
            "fiscalDateEnding": "2018-06-30",
            "reportedCurrency": "USD",
            "grossProfit": "1060000000",
            "totalRevenue": "3739000000",
            "costOfRevenue": "2679000000",
            "costofGoodsAndServicesSold": "2313000000",
            "operatingIncome": "715000000",
            "sellingGeneralAndAdministrative": "365000000",
            "researchAndDevelopment": "None",
            "operatingExpenses": "366000000",
            "investmentIncomeNet": "None",
            "netInterestIncome": "None",
            "interestIncome": "None",
            "interestExpense": "93000000",
            "nonInterestIncome": "3739000000",
            "otherNonOperatingIncome": "0",
            "depreciation": "None",
            "depreciationAndAmortization": "358000000",
            "incomeBeforeTax": "609000000",
            "incomeTaxExpense": "110000000",
            "interestAndDebtExpense": "None",
            "netIncomeFromContinuingOperations": "499000000",
            "comprehensiveIncomeNetOfTax": "478000000",
            "ebit": "715000000",
            "ebitda": "1060000000",
            "netIncome": "499000000"
        },
        {
            "fiscalDateEnding": "2018-03-31",
            "reportedCurrency": "USD",
            "grossProfit": "929000000",
            "totalRevenue": "3511000000",
            "costOfRevenue": "2582000000",
            "costofGoodsAndServicesSold": "2184000000",
            "operatingIncome": "608000000",
            "sellingGeneralAndAdministrative": "373000000",
            "researchAndDevelopment": "None",
            "operatingExpenses": "405000000",
            "investmentIncomeNet": "None",
            "netInterestIncome": "None",
            "interestIncome": "None",
            "interestExpense": "91000000",
            "nonInterestIncome": "5000000",
            "otherNonOperatingIncome": "1000000",
            "depreciation": "None",
            "depreciationAndAmortization": "324000000",
            "incomeBeforeTax": "512000000",
            "incomeTaxExpense": "116000000",
            "interestAndDebtExpense": "None",
            "netIncomeFromContinuingOperations": "395000000",
            "comprehensiveIncomeNetOfTax": "365000000",
            "ebit": "608000000",
            "ebitda": "927000000",
            "netIncome": "396000000"
        },
        {
            "fiscalDateEnding": "2017-12-31",
            "reportedCurrency": "USD",
            "grossProfit": "3618000000",
            "totalRevenue": "3652000000",
            "costOfRevenue": "34000000",
            "costofGoodsAndServicesSold": "2263000000",
            "operatingIncome": "704000000",
            "sellingGeneralAndAdministrative": "369000000",
            "researchAndDevelopment": "None",
            "operatingExpenses": "34000000",
            "investmentIncomeNet": "None",
            "netInterestIncome": "None",
            "interestIncome": "None",
            "interestExpense": "91000000",
            "nonInterestIncome": "3652000000",
            "otherNonOperatingIncome": "-120000000",
            "depreciation": "None",
            "depreciationAndAmortization": "317000000",
            "incomeBeforeTax": "584000000",
            "incomeTaxExpense": "-319000000",
            "interestAndDebtExpense": "None",
            "netIncomeFromContinuingOperations": "704000000",
            "comprehensiveIncomeNetOfTax": "897000000",
            "ebit": "704000000",
            "ebitda": "992000000",
            "netIncome": "903000000"
        },
        {
            "fiscalDateEnding": "2017-09-30",
            "reportedCurrency": "USD",
            "grossProfit": "1060000000",
            "totalRevenue": "3716000000",
            "costOfRevenue": "2656000000",
            "costofGoodsAndServicesSold": "2302000000",
            "operatingIncome": "701000000",
            "sellingGeneralAndAdministrative": "356000000",
            "researchAndDevelopment": "None",
            "operatingExpenses": "354000000",
            "investmentIncomeNet": "None",
            "netInterestIncome": "None",
            "interestIncome": "None",
            "interestExpense": "90000000",
            "nonInterestIncome": "3716000000",
            "otherNonOperatingIncome": "-98000000",
            "depreciation": "None",
            "depreciationAndAmortization": "326000000",
            "incomeBeforeTax": "601000000",
            "incomeTaxExpense": "215000000",
            "interestAndDebtExpense": "None",
            "netIncomeFromContinuingOperations": "388000000",
            "comprehensiveIncomeNetOfTax": "433000000",
            "ebit": "701000000",
            "ebitda": "1017000000",
            "netIncome": "386000000"
        },
        {
            "fiscalDateEnding": "2017-06-30",
            "reportedCurrency": "USD",
            "grossProfit": "1033000000",
            "totalRevenue": "3677000000",
            "costOfRevenue": "2644000000",
            "costofGoodsAndServicesSold": "2290000000",
            "operatingIncome": "673000000",
            "sellingGeneralAndAdministrative": "353000000",
            "researchAndDevelopment": "None",
            "operatingExpenses": "354000000",
            "investmentIncomeNet": "None",
            "netInterestIncome": "None",
            "interestIncome": "None",
            "interestExpense": "90000000",
            "nonInterestIncome": "3677000000",
            "otherNonOperatingIncome": "-103000000",
            "depreciation": "None",
            "depreciationAndAmortization": "332000000",
            "incomeBeforeTax": "571000000",
            "incomeTaxExpense": "209000000",
            "interestAndDebtExpense": "None",
            "netIncomeFromContinuingOperations": "361000000",
            "comprehensiveIncomeNetOfTax": "395000000",
            "ebit": "673000000",
            "ebitda": "993000000",
            "netIncome": "362000000"
        },
        {
            "fiscalDateEnding": "2017-03-31",
            "reportedCurrency": "USD",
            "grossProfit": "861000000",
            "totalRevenue": "3440000000",
            "costOfRevenue": "2579000000",
            "costofGoodsAndServicesSold": "2166000000",
            "operatingIncome": "558000000",
            "sellingGeneralAndAdministrative": "390000000",
            "researchAndDevelopment": "None",
            "operatingExpenses": "421000000",
            "investmentIncomeNet": "None",
            "netInterestIncome": "None",
            "interestIncome": "None",
            "interestExpense": "92000000",
            "nonInterestIncome": "3000000",
            "otherNonOperatingIncome": "-124000000",
            "depreciation": "None",
            "depreciationAndAmortization": "305000000",
            "incomeBeforeTax": "435000000",
            "incomeTaxExpense": "137000000",
            "interestAndDebtExpense": "None",
            "netIncomeFromContinuingOperations": "297000000",
            "comprehensiveIncomeNetOfTax": "312000000",
            "ebit": "558000000",
            "ebitda": "832000000",
            "netIncome": "298000000"
        }
    ]
}