{
    "symbol": "XEL",
    "annualReports": [
        {
            "fiscalDateEnding": "2021-12-31",
            "reportedCurrency": "USD",
            "grossProfit": "-1789000000",
            "totalRevenue": "13431000000",
            "costOfRevenue": "947000000",
            "costofGoodsAndServicesSold": "8173000000",
            "operatingIncome": "2203000000",
            "sellingGeneralAndAdministrative": "764000000",
            "researchAndDevelopment": "None",
            "operatingExpenses": "933000000",
            "investmentIncomeNet": "None",
            "netInterestIncome": "-842000000",
            "interestIncome": "None",
            "interestExpense": "842000000",
            "nonInterestIncome": "None",
            "otherNonOperatingIncome": "5000000",
            "depreciation": "None",
            "depreciationAndAmortization": "7000000",
            "incomeBeforeTax": "1527000000",
            "incomeTaxExpense": "-70000000",
            "interestAndDebtExpense": "816000000",
            "netIncomeFromContinuingOperations": "1597000000",
            "comprehensiveIncomeNetOfTax": "1615000000",
            "ebit": "2369000000",
            "ebitda": "2376000000",
            "netIncome": "1597000000"
        },
        {
            "fiscalDateEnding": "2020-12-31",
            "reportedCurrency": "USD",
            "grossProfit": "-1813000000",
            "totalRevenue": "11526000000",
            "costOfRevenue": "973000000",
            "costofGoodsAndServicesSold": "6562000000",
            "operatingIncome": "2116000000",
            "sellingGeneralAndAdministrative": "795000000",
            "researchAndDevelopment": "None",
            "operatingExpenses": "960000000",
            "investmentIncomeNet": "None",
            "netInterestIncome": "-840000000",
            "interestIncome": "None",
            "interestExpense": "840000000",
            "nonInterestIncome": "None",
            "otherNonOperatingIncome": "-6000000",
            "depreciation": "None",
            "depreciationAndAmortization": "7000000",
            "incomeBeforeTax": "1467000000",
            "incomeTaxExpense": "-6000000",
            "interestAndDebtExpense": "798000000",
            "netIncomeFromContinuingOperations": "1473000000",
            "comprehensiveIncomeNetOfTax": "1473000000",
            "ebit": "2307000000",
            "ebitda": "2314000000",
            "netIncome": "1473000000"
        },
        {
            "fiscalDateEnding": "2019-12-31",
            "reportedCurrency": "USD",
            "grossProfit": "-1574000000",
            "totalRevenue": "11529000000",
            "costOfRevenue": "801000000",
            "costofGoodsAndServicesSold": "6806000000",
            "operatingIncome": "2104000000",
            "sellingGeneralAndAdministrative": "627000000",
            "researchAndDevelopment": "None",
            "operatingExpenses": "803000000",
            "investmentIncomeNet": "None",
            "netInterestIncome": "-773000000",
            "interestIncome": "-671000000",
            "interestExpense": "773000000",
            "nonInterestIncome": "None",
            "otherNonOperatingIncome": "16000000",
            "depreciation": "None",
            "depreciationAndAmortization": "6000000",
            "incomeBeforeTax": "1500000000",
            "incomeTaxExpense": "128000000",
            "interestAndDebtExpense": "736000000",
            "netIncomeFromContinuingOperations": "1372000000",
            "comprehensiveIncomeNetOfTax": "1355000000",
            "ebit": "2273000000",
            "ebitda": "2279000000",
            "netIncome": "1372000000"
        },
        {
            "fiscalDateEnding": "2018-12-31",
            "reportedCurrency": "USD",
            "grossProfit": "6927000000",
            "totalRevenue": "11537000000",
            "costOfRevenue": "4610000000",
            "costofGoodsAndServicesSold": "3854000000",
            "operatingIncome": "1965000000",
            "sellingGeneralAndAdministrative": "601000000",
            "researchAndDevelopment": "None",
            "operatingExpenses": "763000000",
            "investmentIncomeNet": "None",
            "netInterestIncome": "-700000000",
            "interestIncome": "-592000000",
            "interestExpense": "700000000",
            "nonInterestIncome": "11537000000",
            "otherNonOperatingIncome": "-14000000",
            "depreciation": "None",
            "depreciationAndAmortization": "6000000",
            "incomeBeforeTax": "1442000000",
            "incomeTaxExpense": "181000000",
            "interestAndDebtExpense": "652000000",
            "netIncomeFromContinuingOperations": "1261000000",
            "comprehensiveIncomeNetOfTax": "1262000000",
            "ebit": "2142000000",
            "ebitda": "2148000000",
            "netIncome": "1261000000"
        },
        {
            "fiscalDateEnding": "2017-12-31",
            "reportedCurrency": "USD",
            "grossProfit": "6873000000",
            "totalRevenue": "11404000000",
            "costOfRevenue": "4531000000",
            "costofGoodsAndServicesSold": "3757000000",
            "operatingIncome": "2223000000",
            "sellingGeneralAndAdministrative": "602000000",
            "researchAndDevelopment": "None",
            "operatingExpenses": "779000000",
            "investmentIncomeNet": "None",
            "netInterestIncome": "-663000000",
            "interestIncome": "19000000",
            "interestExpense": "663000000",
            "nonInterestIncome": "11404000000",
            "otherNonOperatingIncome": "-10000000",
            "depreciation": "None",
            "depreciationAndAmortization": "2000000",
            "incomeBeforeTax": "1690000000",
            "incomeTaxExpense": "542000000",
            "interestAndDebtExpense": "628000000",
            "netIncomeFromContinuingOperations": "1148000000",
            "comprehensiveIncomeNetOfTax": "1155000000",
            "ebit": "2353000000",
            "ebitda": "2355000000",
            "netIncome": "1148000000"
        }
    ],
    "quarterlyReports": [
        {
            "fiscalDateEnding": "2021-12-31",
            "reportedCurrency": "USD",
            "grossProfit": "-655000000",
            "totalRevenue": "3355000000",
            "costOfRevenue": "441000000",
            "costofGoodsAndServicesSold": "2147000000",
            "operatingIncome": "426000000",
            "sellingGeneralAndAdministrative": "292000000",
            "researchAndDevelopment": "None",
            "operatingExpenses": "455000000",
            "investmentIncomeNet": "None",
            "netInterestIncome": "-214000000",
            "interestIncome": "None",
            "interestExpense": "214000000",
            "nonInterestIncome": "None",
            "otherNonOperatingIncome": "0",
            "depreciation": "None",
            "depreciationAndAmortization": "1000000",
            "incomeBeforeTax": "235000000",
            "incomeTaxExpense": "-53000000",
            "interestAndDebtExpense": "206000000",
            "netIncomeFromContinuingOperations": "426000000",
            "comprehensiveIncomeNetOfTax": "318000000",
            "ebit": "449000000",
            "ebitda": "450000000",
            "netIncome": "288000000"
        },
        {
            "fiscalDateEnding": "2021-09-30",
            "reportedCurrency": "USD",
            "grossProfit": "-376000000",
            "totalRevenue": "3467000000",
            "costOfRevenue": "165000000",
            "costofGoodsAndServicesSold": "1875000000",
            "operatingIncome": "813000000",
            "sellingGeneralAndAdministrative": "152000000",
            "researchAndDevelopment": "None",
            "operatingExpenses": "154000000",
            "investmentIncomeNet": "None",
            "netInterestIncome": "-211000000",
            "interestIncome": "None",
            "interestExpense": "211000000",
            "nonInterestIncome": "None",
            "otherNonOperatingIncome": "-3000000",
            "depreciation": "None",
            "depreciationAndAmortization": "2000000",
            "incomeBeforeTax": "652000000",
            "incomeTaxExpense": "43000000",
            "interestAndDebtExpense": "204000000",
            "netIncomeFromContinuingOperations": "609000000",
            "comprehensiveIncomeNetOfTax": "618000000",
            "ebit": "863000000",
            "ebitda": "865000000",
            "netIncome": "603000000"
        },
        {
            "fiscalDateEnding": "2021-06-30",
            "reportedCurrency": "USD",
            "grossProfit": "-380000000",
            "totalRevenue": "3068000000",
            "costOfRevenue": "168000000",
            "costofGoodsAndServicesSold": "1874000000",
            "operatingIncome": "422000000",
            "sellingGeneralAndAdministrative": "157000000",
            "researchAndDevelopment": "None",
            "operatingExpenses": "159000000",
            "investmentIncomeNet": "None",
            "netInterestIncome": "-212000000",
            "interestIncome": "None",
            "interestExpense": "212000000",
            "nonInterestIncome": "None",
            "otherNonOperatingIncome": "3000000",
            "depreciation": "None",
            "depreciationAndAmortization": "2000000",
            "incomeBeforeTax": "273000000",
            "incomeTaxExpense": "-38000000",
            "interestAndDebtExpense": "206000000",
            "netIncomeFromContinuingOperations": "311000000",
            "comprehensiveIncomeNetOfTax": "314000000",
            "ebit": "485000000",
            "ebitda": "487000000",
            "netIncome": "287000000"
        },
        {
            "fiscalDateEnding": "2021-03-31",
            "reportedCurrency": "USD",
            "grossProfit": "-378000000",
            "totalRevenue": "3541000000",
            "costOfRevenue": "173000000",
            "costofGoodsAndServicesSold": "2277000000",
            "operatingIncome": "455000000",
            "sellingGeneralAndAdministrative": "163000000",
            "researchAndDevelopment": "None",
            "operatingExpenses": "165000000",
            "investmentIncomeNet": "None",
            "netInterestIncome": "-205000000",
            "interestIncome": "None",
            "interestExpense": "205000000",
            "nonInterestIncome": "None",
            "otherNonOperatingIncome": "5000000",
            "depreciation": "None",
            "depreciationAndAmortization": "2000000",
            "incomeBeforeTax": "340000000",
            "incomeTaxExpense": "-22000000",
            "interestAndDebtExpense": "200000000",
            "netIncomeFromContinuingOperations": "362000000",
            "comprehensiveIncomeNetOfTax": "365000000",
            "ebit": "545000000",
            "ebitda": "547000000",
            "netIncome": "295000000"
        },
        {
            "fiscalDateEnding": "2020-12-31",
            "reportedCurrency": "USD",
            "grossProfit": "-704000000",
            "totalRevenue": "2947000000",
            "costOfRevenue": "492000000",
            "costofGoodsAndServicesSold": "1790000000",
            "operatingIncome": "426000000",
            "sellingGeneralAndAdministrative": "342000000",
            "researchAndDevelopment": "None",
            "operatingExpenses": "543000000",
            "investmentIncomeNet": "None",
            "netInterestIncome": "-212000000",
            "interestIncome": "None",
            "interestExpense": "212000000",
            "nonInterestIncome": "None",
            "otherNonOperatingIncome": "0",
            "depreciation": "None",
            "depreciationAndAmortization": "2000000",
            "incomeBeforeTax": "258000000",
            "incomeTaxExpense": "-30000000",
            "interestAndDebtExpense": "203000000",
            "netIncomeFromContinuingOperations": "426000000",
            "comprehensiveIncomeNetOfTax": "290000000",
            "ebit": "470000000",
            "ebitda": "472000000",
            "netIncome": "288000000"
        },
        {
            "fiscalDateEnding": "2020-09-30",
            "reportedCurrency": "USD",
            "grossProfit": "-390000000",
            "totalRevenue": "3182000000",
            "costOfRevenue": "169000000",
            "costofGoodsAndServicesSold": "1625000000",
            "operatingIncome": "813000000",
            "sellingGeneralAndAdministrative": "158000000",
            "researchAndDevelopment": "None",
            "operatingExpenses": "158000000",
            "investmentIncomeNet": "None",
            "netInterestIncome": "-221000000",
            "interestIncome": "None",
            "interestExpense": "221000000",
            "nonInterestIncome": "None",
            "otherNonOperatingIncome": "1000000",
            "depreciation": "None",
            "depreciationAndAmortization": "2000000",
            "incomeBeforeTax": "646000000",
            "incomeTaxExpense": "43000000",
            "interestAndDebtExpense": "210000000",
            "netIncomeFromContinuingOperations": "603000000",
            "comprehensiveIncomeNetOfTax": "605000000",
            "ebit": "867000000",
            "ebitda": "869000000",
            "netIncome": "603000000"
        },
        {
            "fiscalDateEnding": "2020-06-30",
            "reportedCurrency": "USD",
            "grossProfit": "-362000000",
            "totalRevenue": "2586000000",
            "costOfRevenue": "154000000",
            "costofGoodsAndServicesSold": "1477000000",
            "operatingIncome": "422000000",
            "sellingGeneralAndAdministrative": "146000000",
            "researchAndDevelopment": "None",
            "operatingExpenses": "146000000",
            "investmentIncomeNet": "None",
            "netInterestIncome": "-208000000",
            "interestIncome": "None",
            "interestExpense": "208000000",
            "nonInterestIncome": "None",
            "otherNonOperatingIncome": "5000000",
            "depreciation": "None",
            "depreciationAndAmortization": "2000000",
            "incomeBeforeTax": "274000000",
            "incomeTaxExpense": "-13000000",
            "interestAndDebtExpense": "196000000",
            "netIncomeFromContinuingOperations": "287000000",
            "comprehensiveIncomeNetOfTax": "290000000",
            "ebit": "482000000",
            "ebitda": "484000000",
            "netIncome": "287000000"
        },
        {
            "fiscalDateEnding": "2020-03-31",
            "reportedCurrency": "USD",
            "grossProfit": "-357000000",
            "totalRevenue": "2811000000",
            "costOfRevenue": "158000000",
            "costofGoodsAndServicesSold": "1670000000",
            "operatingIncome": "455000000",
            "sellingGeneralAndAdministrative": "149000000",
            "researchAndDevelopment": "None",
            "operatingExpenses": "149000000",
            "investmentIncomeNet": "None",
            "netInterestIncome": "-199000000",
            "interestIncome": "-171000000",
            "interestExpense": "199000000",
            "nonInterestIncome": "None",
            "otherNonOperatingIncome": "-11000000",
            "depreciation": "None",
            "depreciationAndAmortization": "3000000",
            "incomeBeforeTax": "289000000",
            "incomeTaxExpense": "-6000000",
            "interestAndDebtExpense": "189000000",
            "netIncomeFromContinuingOperations": "295000000",
            "comprehensiveIncomeNetOfTax": "288000000",
            "ebit": "488000000",
            "ebitda": "491000000",
            "netIncome": "295000000"
        },
        {
            "fiscalDateEnding": "2019-12-31",
            "reportedCurrency": "USD",
            "grossProfit": "-9843000000",
            "totalRevenue": "2798000000",
            "costOfRevenue": "339000000",
            "costofGoodsAndServicesSold": "1689000000",
            "operatingIncome": "450000000",
            "sellingGeneralAndAdministrative": "198000000",
            "researchAndDevelopment": "None",
            "operatingExpenses": "369000000",
            "investmentIncomeNet": "None",
            "netInterestIncome": "-195000000",
            "interestIncome": "-168000000",
            "interestExpense": "195000000",
            "nonInterestIncome": "None",
            "otherNonOperatingIncome": "2000000",
            "depreciation": "None",
            "depreciationAndAmortization": "1000000",
            "incomeBeforeTax": "299000000",
            "incomeTaxExpense": "7000000",
            "interestAndDebtExpense": "185000000",
            "netIncomeFromContinuingOperations": "450000000",
            "comprehensiveIncomeNetOfTax": "293000000",
            "ebit": "494000000",
            "ebitda": "495000000",
            "netIncome": "292000000"
        },
        {
            "fiscalDateEnding": "2019-09-30",
            "reportedCurrency": "USD",
            "grossProfit": "2866000000",
            "totalRevenue": "3013000000",
            "costOfRevenue": "147000000",
            "costofGoodsAndServicesSold": "1596000000",
            "operatingIncome": "758000000",
            "sellingGeneralAndAdministrative": "137000000",
            "researchAndDevelopment": "None",
            "operatingExpenses": "138000000",
            "investmentIncomeNet": "None",
            "netInterestIncome": "-199000000",
            "interestIncome": "-176000000",
            "interestExpense": "199000000",
            "nonInterestIncome": "None",
            "otherNonOperatingIncome": "8000000",
            "depreciation": "None",
            "depreciationAndAmortization": "1000000",
            "incomeBeforeTax": "599000000",
            "incomeTaxExpense": "72000000",
            "interestAndDebtExpense": "192000000",
            "netIncomeFromContinuingOperations": "527000000",
            "comprehensiveIncomeNetOfTax": "520000000",
            "ebit": "798000000",
            "ebitda": "799000000",
            "netIncome": "527000000"
        },
        {
            "fiscalDateEnding": "2019-06-30",
            "reportedCurrency": "USD",
            "grossProfit": "2423000000",
            "totalRevenue": "2577000000",
            "costOfRevenue": "154000000",
            "costofGoodsAndServicesSold": "1521000000",
            "operatingIncome": "410000000",
            "sellingGeneralAndAdministrative": "142000000",
            "researchAndDevelopment": "None",
            "operatingExpenses": "144000000",
            "investmentIncomeNet": "None",
            "netInterestIncome": "-189000000",
            "interestIncome": "-164000000",
            "interestExpense": "189000000",
            "nonInterestIncome": "None",
            "otherNonOperatingIncome": "2000000",
            "depreciation": "None",
            "depreciationAndAmortization": "2000000",
            "incomeBeforeTax": "262000000",
            "incomeTaxExpense": "24000000",
            "interestAndDebtExpense": "179000000",
            "netIncomeFromContinuingOperations": "238000000",
            "comprehensiveIncomeNetOfTax": "230000000",
            "ebit": "451000000",
            "ebitda": "453000000",
            "netIncome": "238000000"
        },
        {
            "fiscalDateEnding": "2019-03-31",
            "reportedCurrency": "USD",
            "grossProfit": "2981000000",
            "totalRevenue": "3141000000",
            "costOfRevenue": "160000000",
            "costofGoodsAndServicesSold": "2000000000",
            "operatingIncome": "486000000",
            "sellingGeneralAndAdministrative": "150000000",
            "researchAndDevelopment": "None",
            "operatingExpenses": "150000000",
            "investmentIncomeNet": "None",
            "netInterestIncome": "-189000000",
            "interestIncome": "-164000000",
            "interestExpense": "189000000",
            "nonInterestIncome": "3141000000",
            "otherNonOperatingIncome": "4000000",
            "depreciation": "None",
            "depreciationAndAmortization": "1000000",
            "incomeBeforeTax": "340000000",
            "incomeTaxExpense": "25000000",
            "interestAndDebtExpense": "179000000",
            "netIncomeFromContinuingOperations": "315000000",
            "comprehensiveIncomeNetOfTax": "312000000",
            "ebit": "529000000",
            "ebitda": "530000000",
            "netIncome": "315000000"
        },
        {
            "fiscalDateEnding": "2018-12-31",
            "reportedCurrency": "USD",
            "grossProfit": "2880000000",
            "totalRevenue": "2880000000",
            "costOfRevenue": "4167000000",
            "costofGoodsAndServicesSold": "1885000000",
            "operatingIncome": "339000000",
            "sellingGeneralAndAdministrative": "184000000",
            "researchAndDevelopment": "None",
            "operatingExpenses": "346000000",
            "investmentIncomeNet": "None",
            "netInterestIncome": "-177000000",
            "interestIncome": "None",
            "interestExpense": "177000000",
            "nonInterestIncome": "None",
            "otherNonOperatingIncome": "-6000000",
            "depreciation": "None",
            "depreciationAndAmortization": "476000000",
            "incomeBeforeTax": "208000000",
            "incomeTaxExpense": "-6000000",
            "interestAndDebtExpense": "164000000",
            "netIncomeFromContinuingOperations": "339000000",
            "comprehensiveIncomeNetOfTax": "209000000",
            "ebit": "385000000",
            "ebitda": "841000000",
            "netIncome": "214000000"
        },
        {
            "fiscalDateEnding": "2018-09-30",
            "reportedCurrency": "USD",
            "grossProfit": "2904000000",
            "totalRevenue": "3048000000",
            "costOfRevenue": "144000000",
            "costofGoodsAndServicesSold": "1700000000",
            "operatingIncome": "696000000",
            "sellingGeneralAndAdministrative": "135000000",
            "researchAndDevelopment": "None",
            "operatingExpenses": "135000000",
            "investmentIncomeNet": "None",
            "netInterestIncome": "-177000000",
            "interestIncome": "None",
            "interestExpense": "177000000",
            "nonInterestIncome": "None",
            "otherNonOperatingIncome": "-7000000",
            "depreciation": "None",
            "depreciationAndAmortization": "474000000",
            "incomeBeforeTax": "564000000",
            "incomeTaxExpense": "73000000",
            "interestAndDebtExpense": "164000000",
            "netIncomeFromContinuingOperations": "491000000",
            "comprehensiveIncomeNetOfTax": "494000000",
            "ebit": "741000000",
            "ebitda": "1196000000",
            "netIncome": "491000000"
        },
        {
            "fiscalDateEnding": "2018-06-30",
            "reportedCurrency": "USD",
            "grossProfit": "1578000000",
            "totalRevenue": "2658000000",
            "costOfRevenue": "1080000000",
            "costofGoodsAndServicesSold": "935000000",
            "operatingIncome": "450000000",
            "sellingGeneralAndAdministrative": "137000000",
            "researchAndDevelopment": "None",
            "operatingExpenses": "137000000",
            "investmentIncomeNet": "None",
            "netInterestIncome": "-175000000",
            "interestIncome": "None",
            "interestExpense": "175000000",
            "nonInterestIncome": "2545000000",
            "otherNonOperatingIncome": "-2000000",
            "depreciation": "None",
            "depreciationAndAmortization": "413000000",
            "incomeBeforeTax": "319000000",
            "incomeTaxExpense": "54000000",
            "interestAndDebtExpense": "164000000",
            "netIncomeFromContinuingOperations": "265000000",
            "comprehensiveIncomeNetOfTax": "267000000",
            "ebit": "494000000",
            "ebitda": "890000000",
            "netIncome": "265000000"
        },
        {
            "fiscalDateEnding": "2018-03-31",
            "reportedCurrency": "USD",
            "grossProfit": "1866000000",
            "totalRevenue": "2951000000",
            "costOfRevenue": "1085000000",
            "costofGoodsAndServicesSold": "932000000",
            "operatingIncome": "480000000",
            "sellingGeneralAndAdministrative": "145000000",
            "researchAndDevelopment": "None",
            "operatingExpenses": "145000000",
            "investmentIncomeNet": "None",
            "netInterestIncome": "-171000000",
            "interestIncome": "None",
            "interestExpense": "171000000",
            "nonInterestIncome": "2824000000",
            "otherNonOperatingIncome": "1000000",
            "depreciation": "None",
            "depreciationAndAmortization": "418000000",
            "incomeBeforeTax": "350000000",
            "incomeTaxExpense": "59000000",
            "interestAndDebtExpense": "160000000",
            "netIncomeFromContinuingOperations": "291000000",
            "comprehensiveIncomeNetOfTax": "292000000",
            "ebit": "521000000",
            "ebitda": "922000000",
            "netIncome": "291000000"
        },
        {
            "fiscalDateEnding": "2017-12-31",
            "reportedCurrency": "USD",
            "grossProfit": "2796000000",
            "totalRevenue": "2796000000",
            "costOfRevenue": "1242786000",
            "costofGoodsAndServicesSold": "906520000",
            "operatingIncome": "440000000",
            "sellingGeneralAndAdministrative": "191409000",
            "researchAndDevelopment": "None",
            "operatingExpenses": "366482000",
            "investmentIncomeNet": "None",
            "netInterestIncome": "-165068000",
            "interestIncome": "-68000",
            "interestExpense": "165000000",
            "nonInterestIncome": "None",
            "otherNonOperatingIncome": "-6000000",
            "depreciation": "None",
            "depreciationAndAmortization": "73000",
            "incomeBeforeTax": "307000000",
            "incomeTaxExpense": "118000000",
            "interestAndDebtExpense": "155000000",
            "netIncomeFromContinuingOperations": "426000000",
            "comprehensiveIncomeNetOfTax": "191000000",
            "ebit": "472000000",
            "ebitda": "472073000",
            "netIncome": "189000000"
        },
        {
            "fiscalDateEnding": "2017-09-30",
            "reportedCurrency": "USD",
            "grossProfit": "1868715000",
            "totalRevenue": "3017000000",
            "costOfRevenue": "1148182000",
            "costofGoodsAndServicesSold": "1006160000",
            "operatingIncome": "824000000",
            "sellingGeneralAndAdministrative": "133571000",
            "researchAndDevelopment": "None",
            "operatingExpenses": "133571000",
            "investmentIncomeNet": "None",
            "netInterestIncome": "-167803000",
            "interestIncome": "197000",
            "interestExpense": "168000000",
            "nonInterestIncome": "None",
            "otherNonOperatingIncome": "-1000000",
            "depreciation": "None",
            "depreciationAndAmortization": "418000",
            "incomeBeforeTax": "697000000",
            "incomeTaxExpense": "205000000",
            "interestAndDebtExpense": "157000000",
            "netIncomeFromContinuingOperations": "492141000",
            "comprehensiveIncomeNetOfTax": "494000000",
            "ebit": "865000000",
            "ebitda": "865418000",
            "netIncome": "492000000"
        },
        {
            "fiscalDateEnding": "2017-06-30",
            "reportedCurrency": "USD",
            "grossProfit": "1582725000",
            "totalRevenue": "2645000000",
            "costOfRevenue": "1062203000",
            "costofGoodsAndServicesSold": "919099000",
            "operatingIncome": "466000000",
            "sellingGeneralAndAdministrative": "134926000",
            "researchAndDevelopment": "None",
            "operatingExpenses": "134926000",
            "investmentIncomeNet": "None",
            "netInterestIncome": "-164195000",
            "interestIncome": "-195000",
            "interestExpense": "164000000",
            "nonInterestIncome": "2540000000",
            "otherNonOperatingIncome": "-4000000",
            "depreciation": "None",
            "depreciationAndAmortization": "754000",
            "incomeBeforeTax": "329000000",
            "incomeTaxExpense": "102000000",
            "interestAndDebtExpense": "156000000",
            "netIncomeFromContinuingOperations": "227256000",
            "comprehensiveIncomeNetOfTax": "229000000",
            "ebit": "493000000",
            "ebitda": "493754000",
            "netIncome": "227000000"
        },
        {
            "fiscalDateEnding": "2017-03-31",
            "reportedCurrency": "USD",
            "grossProfit": "1869765000",
            "totalRevenue": "2946000000",
            "costOfRevenue": "1076657000",
            "costofGoodsAndServicesSold": "925221000",
            "operatingIncome": "492000000",
            "sellingGeneralAndAdministrative": "142094000",
            "researchAndDevelopment": "None",
            "operatingExpenses": "142849000",
            "investmentIncomeNet": "None",
            "netInterestIncome": "-165934000",
            "interestIncome": "66000",
            "interestExpense": "166000000",
            "nonInterestIncome": "2804000000",
            "otherNonOperatingIncome": "1000000",
            "depreciation": "None",
            "depreciationAndAmortization": "755000",
            "incomeBeforeTax": "356000000",
            "incomeTaxExpense": "117000000",
            "interestAndDebtExpense": "159000000",
            "netIncomeFromContinuingOperations": "239277000",
            "comprehensiveIncomeNetOfTax": "241000000",
            "ebit": "522000000",
            "ebitda": "522755000",
            "netIncome": "239000000"
        }
    ]
}